1980 3074
182 205 466 258 PllhRSALlh.
501 207 592 258 hlB.
619 206 672 257 lx.
742 206 792 257 213

58 327 191 381 Auxilium
201 325 304 376 volucri
313 324 403 376 Pallas
415 326 477 376 tulit
485 325 587 376 innuba
596 324 684 387 fratri,
802 324 853 376 665

59 397 147 447 Pacta
157 410 190 445 ca
209 400 240 444 ut
250 395 376 444 monstri:
395 399 541 462 terraeque
551 395 578 443 in
590 394 643 443 fine
653 395 788 459 Libyssae

59 466 164 516 Persea
174 409 319 513 Phoebeos
331 465 452 514 converti
464 464 543 514 iussit
554 463 588 515 ad
602 468 688 523 ortus,

63 532 200 600 Gorgonis
212 545 308 581 averso
319 530 469 583 sulcantem
480 531 680 599 regnavolatu:

61 604 99 653 Et
109 601 236 667 clypeum
245 598 340 650 laevae
349 597 423 650 fulvo
435 599 510 650 dedit
520 614 584 655 aere
594 600 734 660 nitentem,

62 673 91 722 ln
104 685 157 738 quo
168 669 309 720 mxilicam
319 669 399 719 iussit
407 673 534 735 spectare
543 668 695 718 Medusam.
806 666 856 716 oto

62 741 151 801 Quam
161 752 245 804 sopor
255 742 395 800 aeternam
405 742 543 788 tracturus
554 743 642 788 morte
652 738 771 804 quietem

62 804 239 860 Obruithaud
248 812 349 858 totams
369 806 464 874 vigilat
473 821 536 873 pars
626 819 796 866 acomnrurn,

61 875 272 944 Defenduntque
284 889 318 926 ca
337 882 367 925 ut
376 876 512 941 praetenti
523 821 642 926 offis
650 872 745 941 hydri:

60 947 129 998 Pars
138 945 248 997 iacetiu
258 960 303 997 me
333 959 364 997 os
374 945 477 1007 vultus,
487 943 612 1013 oculique
621 945 758 996 tenebras

59 1017 124 1081 lpsa
134 1015 206 1083 regit
215 1014 351 1082 trepidum
363 1013 462 1074 Pallas,
475 1013 625 1081 dextraque
635 1019 770 1065 tremente
806 1010 857 1062 oto
899 1015 901 1020 '

61 1085 178 1135 Perseos
189 1085 277 1135 aversi
288 1082 429 1148 Cyllenida
439 1082 532 1151 dirigit
541 1080 653 1149 harpen,

61 1153 134 1204 Lata
144 1151 301 1204 colubriferi
311 1167 439 1219 rumpens
451 1152 569 1202 confinia
580 1151 651 1202 colli.

63 1221 139 1281 Quos
147 1216 341 1271 habuitrultus
352 1217 456 1270 hamati
465 1219 576 1271 vulnere
586 1219 650 1270 ferri

63 1291 175 1340 Gaesao
212 1295 244 1339 ut
255 1288 381 1356 Gorgon:
400 1293 503 1357 quanto
513 1289 632 1354 spirasse
642 1303 746 1339 veneno

64 1358 122 1408 Ora
132 1370 195 1407 rear
227 1361 411 1424 quantumque
423 1355 517 1407 oculos
530 1355 669 1408 effundere
681 1354 789 1407 mortis!
808 1354 858 1405 680

63 1426 121 1477 Nec
132 1424 223 1476 Pallas
233 1429 359 1492 spectare
369 1430 476 1491 potest:
493 1423 635 1492 vultusque
646 1424 782 1492 gelassent

62 1496 180 1546 Perseos
191 1492 307 1555 adversi,
320 1494 342 1543 si
353 1509 407 1544 non
418 1493 545 1544 Tritonia
554 1492 653 1544 densos

63 1563 216 1630 Sparsisset
225 1563 323 1625 crines,
334 1563 501 1630 texissetque
512 1577 562 1612 ora
572 1560 698 1613 colubris.

62 1632 154 1700 Aliger
163 1632 191 1681 in
203 1629 309 1682 coelum
319 1630 369 1694 sic,
380 1636 460 1698 rapta
467 1629 606 1699 Gorgone,
616 1629 694 1699 hrgit.

63 1701 111 1752 llle
122 1700 230 1768 quidem
241 1699 375 1767 pensabat
384 1701 446 1764 iter,
457 1702 623 1768 propiusque
633 1699 747 1752 secabat
809 1699 859 1748 615

62 1767 189 1832 Aethera,
202 1770 223 1820 si
236 1769 340 1821 medias
351 1770 479 1837 Europae
490 1769 628 1823 scinderet
638 1768 734 1834 urbes3

64 1839 154 1891 Pallas
165 1838 312 1908 frugiferas
321 1840 402 1891 lussit
411 1855 464 1891 non
474 1837 585 1891 laedere
596 1844 694 1901 terras,

63 1910 100 1960 lit
129 1909 186 1960 arci
198 1907 313 1975 populis.
333 1909 400 1970 Quis
412 1908 482 1960 enim
494 1924 548 1960 non
559 1915 690 1976 praepete
702 1914 779 1960 tanto

64 1924 182 2028 Aethera
191 1975 359 2044 respicereti
388 1974 516 2044 Zephyro
528 1978 697 2028 convertitur
708 1976 773 2037 ales,

64 2047 88 2095 lt
107 2060 142 2095 ue
152 2060 235 2112 super
243 2044 361 2111 Libyen,
373 2061 451 2113 quae,
463 2046 536 2097 nullo
547 2047 654 2096 consita
665 2045 748 2106 cultu,
810 2043 860 2093 690

64 2061 204 2164 siheribus
216 2109 382 2180 Phoeboque
393 2119 486 2163 vacat:
506 2115 606 2179 premit
616 2112 706 2164 orbita
716 2112 790 2174 solis,

64 2181 215 2247 Exuritque
225 2178 327 2230 solum:
345 2195 396 2230 nec
406 2186 481 2231 terra
492 2181 591 2232 celsior
599 2179 656 2235 ulla

64 2249 126 2301 Nox
138 2247 212 2298 cadit
219 2249 248 2297 in
259 2247 375 2309 coelum,
384 2247 517 2316 lunaeque
526 2247 661 2300 meatibus
672 2247 775 2309 obstat,

64 2315 94 2369 Si
105 2315 192 2368 flexus
203 2315 290 2368 oblita
299 2317 359 2384 vagi
371 2331 421 2383 per
430 2322 508 2368 recta
518 2317 639 2368 cucurrit

63 2380 863 2456 Signanecinllorean,autinNotoneiiugitumbram.⁶95

63 2455 112 2508 llla
124 2464 215 2509 tamen
226 2453 326 2506 sterilis
337 2453 426 2516 tellus,
437 2452 610 2522 iocundaque,
618 2453 684 2507 nulli

63 2527 135 2578 srva
144 2524 227 2586 bono,
238 2524 313 2575 virus
324 2523 451 2576 stillantis
462 2522 526 2576 tabe
537 2523 668 2575 Medusae

64 2594 236 2661 Conclplnnt,
247 2592 375 2663 dirosque
387 2593 447 2645 fero
457 2593 491 2645 de
502 2594 633 2662 sanguine
644 2607 731 2654 rores,

65 2663 141 2724 Quos
152 2662 228 2714 calor
237 2662 350 2726 adiuvit,
361 2664 487 2731 putrique
498 2664 603 2714 incoxit
613 2675 723 2717 arenae.

65 2730 129 2791 illc,
141 2745 211 2798 qnae
223 2733 311 2798 prima
322 2737 407 2799 caput
416 2732 501 2783 movit
511 2731 545 2783 de
556 2733 666 2800 puluere
677 2729 765 2793 tabes,
811 2730 863 2779 'lod
