1980 3074
209 192 242 243 68
347 193 384 241 bi.
419 189 518 242 ANN.
554 187 738 247 Lucam

208 313 218 361 1
240 326 269 362 se
280 310 364 362 locus.
382 310 461 360 miles
474 325 554 376 rupes
565 317 695 363 oneratus
704 311 731 361 in
743 309 814 363 altu

206 328 320 430 ditium
313 379 501 445 ·adrersoque
513 381 585 430 acies
594 380 622 429 in
633 386 726 430 monte
736 381 834 446 supina

205 449 319 509 Haeret,
330 454 358 498 et
369 447 397 497 in
407 453 513 514 tergum
524 461 630 508 casura,
641 447 759 498 umbone
769 448 911 515 sequentis

164 520 197 566 eo
208 518 337 584 Erigitur.
365 513 435 565 Nulli
446 514 531 565 tolum
542 515 650 566 vibrare
659 515 786 577 vacabat,

206 586 279 636 Dum
287 584 372 646 labat,
383 591 411 636 et
421 584 476 633 lixo
488 584 579 634 lirmat
588 584 704 650 vestigia
713 583 779 649 pilo,

205 655 278 705 Dum
293 653 434 719 scopulos,
454 654 607 719 stirpesque
621 658 729 769 teuenqi
721 658 832 717 ,atquc
854 649 939 703 busta

677 735 707 770 re
719 721 774 770 eto

206 791 329 842 Caedunt
339 806 403 842 ense
413 792 493 841 mam
523 790 598 841 Vidit
607 788 718 855 lapsura
727 789 807 838 urina

205 861 319 927 Agmina
328 860 392 921 dux,
404 861 576 928 equitemque
585 857 662 908 iubet
673 855 821 907 succedere
832 857 917 917 bello,

161 930 195 977 45
207 929 393 995 ,tinnitumque
404 927 475 977 latus
485 928 544 977 laer
547 943 564 977 o
574 925 726 992 producere
736 941 816 993 gyro.

206 995 251 1046 Sic
262 996 346 1063 pedes
358 1009 393 1046 ex
403 995 477 1046 facili
485 995 613 1062 nulloque
623 1001 737 1062 urgente
748 1000 887 1060 receptus,

206 1066 301 1114 lrntus
313 1070 342 1115 et
351 1065 449 1125 victor,
460 1063 594 1115 subducto
606 1065 697 1114 Marte
698 1064 856 1129 ‚pependit

260 1133 399 1183 Hactenus
409 1146 546 1183 armorum
558 1131 726 1182 discrimina.
737 1138 832 1182 cetera
841 1131 917 1183 bello

205 1203 226 1253 F
229 1209 275 1252 ata
285 1201 360 1253 dedit
370 1201 452 1251 variis
460 1202 581 1252 incertus
593 1200 710 1250 motibus
722 1214 777 1250 ner.

161 1272 195 1321 to
206 1271 289 1338 Pigro
300 1270 397 1320 bruma
407 1269 479 1337 gelu,
490 1270 570 1320 siccis
580 1267 756 1351 Aquilonibus
765 1265 893 1329 haerens,

204 1311 320 1390 Aethere
332 1339 482 1390 constricto
494 1337 614 1419 pluvias
606 1355 633 1387 m
645 1337 716 1387 nube
727 1336 849 1388 tenebat.

206 1407 325 1460 Urebant
337 1414 467 1458 montana
477 1408 560 1468 nives,
571 1419 736 1472 camposque
748 1406 872 1456 iacentes

205 1476 265 1527 Non
277 1476 426 1527 duraturae
437 1481 586 1542 conspecto
598 1474 656 1525 sole
666 1475 791 1541 pruinae.

203 1548 289 1614 itque
302 1546 389 1596 omnis
400 1545 512 1611 propior
522 1543 655 1611 mergenti
664 1542 755 1593 sidera
765 1541 846 1594 coelo

162 1615 195 1663 5)
207 1616 322 1665 Aruerat
330 1614 420 1674 tellus,
431 1610 544 1663 bibemo
555 1612 623 1662 dura
634 1626 740 1662 sereno

203 1680 258 1733 Sed
270 1688 414 1764 postquam
423 1696 522 1731 vernus
534 1681 650 1731 calidum
661 1681 762 1730 Titana
771 1681 878 1748 recepit

204 1749 301 1800 Sidera
312 1750 460 1816 respiciens
470 1749 598 1817 delapsae
608 1750 727 1816 portitor
736 1749 841 1811 Helles,

204 1820 291 1885 Atque
301 1819 408 1879 iterum,
420 1819 543 1885 aequatis
554 1817 589 1868 ad
599 1820 687 1869 iustae
698 1817 820 1884 pondera
828 1816 937 1871 Librae

205 1886 397 1954 Temporibus,
408 1886 580 1938 siceredies·
595 1885 846 1948 tuncsolerelicto‚

165 1955 197 2005 60
209 1953 327 2019 Cynthia
338 1969 392 2073 quo
403 1955 517 2022 primum
529 1970 613 2006 cornu
623 1954 773 2007 dubitanda
782 1922 901 2018 reldlsit,

206 2022 329 2075 Exclusit
363 2038 455 2074 oream
458 2021 654 2090 flammasque
665 2024 773 2091 accepit
782 2022 817 2074 ab
827 2023 916 2076 Euro

204 2091 252 2142 ille
263 2105 314 2142 suo
325 2092 411 2143 nubes
423 2106 606 2177 quascumque
616 2093 735 2143 invenit'
727 2108 754 2143 ιιι
767 2106 828 2153 axe,

205 2159 301 2211 Torsit
308 2160 336 2211 ln
347 2160 491 2212 occiduum
501 2160 650 2212 Nabataeis
661 2160 769 2212 flatibus
780 2160 890 2212 orbesrs

205 2229 241 2281 lit
252 2244 319 2296 quas
329 2231 412 2281 sentit
422 2230 517 2292 ⁴trabs,
529 2237 557 2281 et
568 2245 635 2296 quas
648 2229 801 2298 Gangetica
810 2228 893 2282 tellus

161 2298 195 2350 65
207 2246 325 2350 Exhalat
334 2298 456 2359 nebulas,
468 2298 596 2366 quidquid
609 2313 788 2350 concrescere
798 2298 905 2365 primns

205 2367 253 2419 Sol
282 2370 374 2431 utimr,
385 2368 467 2436 quidq
467 2367 515 2418 nrd
525 2367 596 2418 coelr
605 2366 729 2418 fuscator
739 2368 791 2418 Eor

218 2443 337 2489 ιιιιιιιιι
347 2438 441 2498 Corus,
451 2384 582 2517 quidquid
592 2435 752 2487 defenderat
763 2437 854 2489 indos.

207 2506 354 2558 incendere
364 2505 435 2557 diem
447 2505 532 2556 nubes
542 2504 647 2556 oriente
658 2512 794 2570 remotae;

204 2575 261 2626 Nec
272 2574 361 2626 niedlo
372 2579 487 2641 potuere
497 2587 594 2640 graves
605 2573 760 2624 incumbere
770 2574 883 2635 mundo,

159 2642 373 2696 ibSednimbos
383 2640 557 2709 rapuerefug
558 2657 582 2691 a
600 2643 688 2693 Vacat
699 2641 948 2709 lmbnbmdrctm,

204 2714 240 2763 lit
250 2720 345 2775 notus3
362 2711 389 2762 in
401 2710 486 2762 solam
498 2710 597 2776 calpen
610 2710 668 2761 fluit
677 2708 803 2762 humidus
815 2727 873 2763 aer
