1980 3074
198 223 249 273 tao
371 222 410 272 Μ.
446 219 544 271 ΛΝΝ.
581 217 762 269 LUCANl

197 343 315 402 Eminet,
328 347 364 402 et,
375 341 463 406 primo
472 337 606 388 Rhoeteia
616 339 698 387 litora
709 337 772 403 pinu

199 411 277 472 Quae
287 409 387 476 tetigit,
399 405 530 473 Phylace,
541 407 715 472 Pteleosque,
727 412 755 456 et
766 405 872 456 Dorion
884 408 927 458 ira

198 478 301 530 Flebile
312 477 464 538 Pieridum
489 473 619 537 Trachin,
636 475 780 541 pretioque
797 474 935 526 nefandae

199 547 357 614 Lampados
368 544 512 596 Herculeis
522 542 602 594 fortis
614 541 751 593 Meliboea
766 541 916 609 pharetris:

138 615 189 666 ⁸55
201 618 288 685 Atque
301 615 363 665 olim
375 614 489 664 Larissa
499 618 610 678 potens:
633 612 679 662 ubi
695 610 785 662 nobile
797 611 934 678 quondam

198 684 276 736 Nune
287 699 370 750 super
378 685 465 751 Argos
477 689 569 732 arant:
583 687 693 799 reterep
701 679 748 730 ubi
757 677 851 731 fabula
860 680 934 732 ‘l'he-

696 764 726 799 as

197 822 336 872 Monstrat
354 818 516 871 Echionias:
549 818 595 868 ubi
615 816 751 934 quondanp
771 815 910 869 Pentheos

671 901 737 936 exsu

199 957 275 1009 colla
285 963 421 1024 caputque
432 955 523 1007 ferens
535 970 662 1022 supremo
673 955 787 1005 tradidit
796 956 861 1022 igni,

200 1026 312 1087 Questa,
323 1025 396 1094 quod
407 1023 460 1076 hoc
470 1025 558 1076 solum
567 1028 633 1074 nato
643 1025 779 1091 rapuisset
790 1024 891 1092 Agave.

140 1095 190 1146 360
202 1096 277 1163 Ergo
287 1093 405 1161 abrupta
413 1093 491 1161 palus
501 1093 603 1145 multos
614 1092 740 1144 discessit
751 1094 778 1142 in
790 1107 892 1145 amnes.

198 1165 286 1214 Purus
295 1164 324 1214 in
334 1178 458 1225 occasus,
468 1163 544 1229 parvi
555 1161 603 1214 sed
613 1163 738 1230 gurgitis,
748 1162 819 1213 Aeas

197 1233 274 1284 lonio
284 1231 345 1283 fluit
354 1231 417 1283 inde
429 1232 512 1282 mari:
529 1246 580 1282 nec
590 1231 690 1282 fortior
696 1231 775 1281 undis

196 1301 314 1353 Labitur
324 1308 437 1353 avectae
449 1307 528 1368 pater
538 1300 625 1362 isidis,
637 1306 666 1350 et
676 1306 748 1363 tuus,
761 1299 866 1364 Oenea,

195 1371 288 1422 Paene
298 1386 383 1439 gener
393 1371 493 1422 crassis
503 1368 616 1421 oblimat
627 1367 783 1420 Echinadas
794 1369 887 1421 undisr

135 1439 186 1490 tte
198 1441 236 1491 lit
243 1441 430 1509 Meleagream
441 1438 594 1490 maculatus
603 1439 735 1506 sanguine
745 1436 826 1490 Nessi

195 1510 306 1560 Euenos
319 1510 462 1575 Calydona
470 1513 555 1559 secat
584 1507 661 1558 Ferit
671 1521 750 1558 amne
761 1508 847 1559 citato

194 1578 328 1628 Maliacas
340 1575 487 1643 Sperchios
499 1590 597 1643 aquass
616 1582 645 1626 et
655 1574 765 1627 flumine
774 1592 845 1644 pnro

196 1647 295 1714 lrrigat
304 1643 474 1712 Amphrysos
484 1644 641 1695 famulantis
652 1660 755 1711 pascua
765 1643 886 1712 Phoebi;

197 1715 303 1781 Quique
310 1712 509 1764 nechnmentes
515 1712 636 1775 nebulas,
648 1728 699 1764 nec
705 1728 768 1765 rore
774 1714 929 1767 madentem

135 1782 186 1832 tto
197 1782 277 1843 Aera,
288 1796 339 1832 nec
350 1787 446 1833 tenues
456 1787 554 1832 ventos
564 1783 684 1850 suspirat
692 1783 829 1849 Anauros3

195 1852 234 1901 Et
244 1850 372 1969 quisquis,
383 1850 482 1919 pelago
494 1865 544 1918 per
554 1865 583 1901 se
593 1866 647 1900 non
660 1852 798 1920 cognitus,
809 1853 897 1904 amnis

196 1920 289 1970 Peneo
320 1920 413 1969 onarit
424 1934 522 1986 aquas:
542 1920 565 1970 it
574 1921 682 1988 gurgite
693 1926 772 1988 rapto

195 1987 348 2053 Apidanos:
373 2003 564 2056 nunquamque
582 1989 663 2051 celer,
678 1991 729 2039 nisi
740 1991 849 2051 mixtus,
865 1990 930 2041 Eni-

147 2078 149 2081 ·
688 2073 744 2108 eus.

196 2126 302 2193 Accipit
313 2126 419 2192 Asopos
431 2140 535 2188 cursus,
545 2074 732 2194 Phoenixlqua
742 2126 895 2194 Melasque.

135 2195 186 2244 375
198 2193 286 2258 Solus,
297 2196 325 2245 in
337 2194 448 2246 alterius
458 2210 557 2246 nomen
571 2210 631 2244 cnm
642 2196 750 2246 venerit
758 2195 858 2258 undae,

194 2262 326 2316 Defendit
335 2265 478 2315 'l'itaresns
490 2278 584 2331 aquas,
596 2263 742 2333 lapsusque
754 2279 872 2331 superne

195 2334 310 2401 Gurgite
320 2333 405 2384 Penei
416 2348 467 2401 pro
478 2334 558 2384 siccis
568 2334 654 2383 utitur
666 2334 745 2384 arvis.

193 2403 274 2453 Hunc
286 2402 360 2453 fama
371 2408 414 2453 est
424 2399 643 2470 Stygiismanare
656 2401 799 2469 paludibus
811 2417 933 2470 amnem,

193 2473 231 2522 llt
241 2473 338 2538 capitis
350 2487 508 2535 memorem,
519 2468 592 2521 fluvii
603 2473 732 2540 contagia
742 2472 801 2523 vilis

132 2538 183 2589 380
193 2539 273 2592 Nolle
284 2541 351 2608 pati,
363 2555 545 2608 superumque
557 2540 608 2591 sibi
619 2556 728 2592 serrare
739 2541 877 2593 timorem.

245 2612 282 2661 Ut
292 2611 408 2677 primum
418 2610 523 2660 emissis
535 2615 683 2677 patuerunt
693 2611 816 2662 amnibus
827 2626 905 2676 arra,

191 2679 304 2746 Pinguis
314 2678 447 2729 Boebicio
459 2679 585 2730 discessit
594 2695 706 2731 vomere
716 2680 821 2731 sulcus:

191 2748 257 2797 Mox
264 2747 397 2814 Lelegum
404 2748 501 2798 dextra
511 2763 633 2814 pressum
644 2749 786 2800 descendit
797 2755 933 2802 aratrum.
