1980 3074
219 109 506 162 emessam.
543 109 633 161 LlB.
656 109 709 161 lX.
776 109 825 160 21⁷

100 223 154 278 Sed
166 228 271 279 maiora
280 237 380 296 parant
388 229 513 296 Libycae
525 228 684 296 spectacula
694 234 794 296 pestes.
840 226 891 277 805

99 296 240 362 Impressit
249 297 345 349 dentes
354 297 552 350 Haemorrhois
563 312 661 363 aspera
673 297 763 357 Tullo,

99 363 275 431 Magnanimo
287 367 385 429 iuveni,
395 368 572 433 miratorique
583 365 702 417 Catonis.

100 433 190 500 thue
201 432 272 484 solet
283 435 386 500 pariter
395 435 463 486 totis
473 449 502 486 se
514 433 653 485 effundere
664 433 748 501 signis

101 502 211 566 Corycii
221 517 349 568 pressura
359 504 447 565 croci,
466 503 506 554 sic
517 503 608 553 omnia
617 502 739 553 membra

99 571 223 622 Emisere
234 569 313 621 simul
330 571 440 623 rutilum
451 585 501 640 pro
511 571 642 638 sanguine
651 570 732 622 visua
843 571 892 618 81⁰

100 637 217 706 Sanguis
232 645 311 691 erant
325 640 479 707 lacrymae:
498 652 684 708 quaecumque
698 637 834 691 foramina

571 708 648 759 norit

100 777 216 838 Humor,
224 776 258 827 ab
265 774 306 828 hie
311 776 403 845 largus
408 784 502 829 manat
507 792 601 828 cruor:
613 791 663 829 ora
671 775 833 838 redundant,

100 845 137 895 Et
146 844 257 918 patulae
268 860 361 897 nares:
380 847 464 898 sudor
474 845 567 899 rubet:
586 847 677 897 omnia
688 844 773 914 plenis

98 913 223 964 Membra
237 914 324 966 iluunt
346 916 434 966 renis:
465 921 554 967 totum
575 920 618 966 est
632 930 682 982 pro
703 913 816 965 vulnere

569 999 617 1037 eo.
636 1000 676 1036 us.

98 1052 133 1102 et
142 1051 200 1115 tibi,
210 1051 286 1104 Leve
297 1053 389 1114 miser,
401 1053 471 1104 fixus
481 1000 644 1120 praecordripa
654 1053 754 1120 pressit
840 1052 890 1102 815

98 1119 205 1172 Niliaca
213 1126 340 1187 serpente
351 1135 445 1172 cruor:
464 1120 591 1187 nulloque
602 1121 697 1172 dolore

99 1189 231 1240 Testatus
240 1203 357 1250 morsus,
367 1188 458 1240 subita
468 1188 582 1256 caligine
592 1196 709 1240 mortem

99 1256 215 1323 Accipis,
227 1263 255 1306 et
265 1255 376 1323 Stygias
386 1270 483 1307 somno
493 1255 635 1307 descendis
647 1257 682 1306 ad
693 1258 811 1308 umbras.

100 1323 161 1374 Non
171 1334 228 1374 tam
238 1323 327 1375 veloci
338 1330 515 1391 corrumpunt
525 1324 624 1391 pocula
634 1324 700 1387 leto,

100 1391 200 1458 Stipite
211 1406 281 1511 quae
291 1391 351 1442 diro
362 1392 453 1459 virgas
463 1393 578 1443 mentita
590 1390 704 1445 Sabinas
843 1398 892 1447 82⁰

100 1460 208 1511 Toxica
230 1459 321 1529 etilegi
333 1466 448 1527 carpunt
457 1466 565 1512 matura
576 1458 683 1513 Sabaei.

151 1529 225 1580 Ecce
237 1529 334 1596 procul
342 1544 439 1582 saevus
451 1529 550 1581 sterilis
561 1545 590 1581 se
600 1530 700 1583 roboro
711 1534 799 1583 trunci

100 1599 203 1661 Torsit,
211 1607 240 1650 et
249 1598 496 1660 immisit(iaculum
506 1599 696 1664 vocntdfrica)
706 1616 832 1668 serpens:

99 1667 206 1736 Perque
217 1673 300 1735 caput
309 1667 399 1720 Paulli
410 1674 603 1735 transactaque
615 1674 740 1790 tempora
749 1669 827 1739 fugit.

98 1735 143 1789 Nil
152 1737 190 1789 ibi
199 1738 273 1790 virus
283 1738 353 1806 egit:
372 1739 464 1805 rapuit
474 1752 535 1789 cum
546 1737 656 1791 vulnere
678 1745 762 1791 atum.
842 1741 892 1790 825

98 1807 269 1874 Deprensum
281 1812 332 1870 est,
344 1821 414 1876 quae
424 1805 509 1859 funda
514 1807 604 1871 rodat,
616 1809 776 1876 quamlenta
787 1824 832 1858 vo·

570 1876 666 1940 larent,

100 1943 188 2004 Quam
199 1944 290 2011 segnis
301 1940 448 2010 Scythicae
459 1945 589 1996 strideret
601 1943 739 1998 arundinis
751 1960 805 1996 aer.

150 2011 223 2072 Quid
233 2012 347 2078 prodest
356 2012 450 2063 miseri
461 2011 610 2064 Basiliscus
622 2013 734 2081 cuspide
745 2013 832 2064 Murri

98 2077 283 2130 Transactusi
310 2078 399 2131 Velox
409 2081 494 2130 currit
504 2095 554 2146 per
565 2081 621 2132 tela
628 2096 771 2143 venenum,

99 2146 259 2214 lnraditque
269 2163 391 2199 manum:
411 2161 492 2215 quam
502 2149 626 2216 protinus
634 2149 681 2200 ille
690 2155 797 2201 retecto
842 2149 891 2200 83⁹

99 2215 172 2266 Ense
182 2213 256 2278 ierit,
266 2220 382 2283 totoque
392 2215 472 2267 simul
481 2215 601 2267 demittit
610 2217 644 2268 ab
655 2231 748 2269 armo:

98 2284 298 2353 Exemplarque
310 2285 352 2336 sui
360 2290 489 2354 spectans
499 2284 654 2339 miserabile
662 2285 712 2339 leti

97 2354 160 2406 Stat
170 2359 255 2417 tutus,
265 2360 397 2422 pereunte
406 2368 489 2405 manu
517 2353 773 2422 Quislataputoret

96 2424 241 2492 Scorpion,
252 2425 382 2477 nutrires
392 2429 516 2475 matrrrae
526 2425 622 2476 mortis
633 2422 753 2477 heberei

96 2493 144 2545 llle
156 2494 247 2545 minax
258 2493 347 2557 nodis,
358 2499 387 2546 et
397 2499 475 2544 recto
486 2493 600 2546 verbere
611 2508 718 2556 sacrus,
840 2493 890 2544 835

95 2564 181 2616 Teste
191 2563 254 2614 tulit
265 2563 344 2615 coelo
354 2563 420 2615 victi
430 2562 514 2614 decus
523 2563 640 2616 orions

97 2632 165 2693 Quis
176 2631 284 2684 calcare
294 2639 356 2687 tuas
366 2637 480 2692 metuat,
491 2628 621 2699 Solpuga,
632 2630 767 2683 latebras!
