1980 3074
150 168 201 216 aot
323 167 362 217 Μ.
397 163 499 217 alin.
536 164 714 219 Lucani

152 286 187 338 Ut
198 284 297 351 probat
306 285 365 350 ipse
377 283 453 334 calor
458 283 470 341 i
481 286 580 352 tetigit,
592 284 734 352 stagnique
745 283 841 350 quieta

151 353 249 406 Voltus
260 352 329 403 vidit
339 368 419 419 aqua,
432 355 577 420 posuitque
587 355 615 403 in
625 353 748 421 margine
760 352 879 419 plantas,

153 424 189 474 Et
199 436 229 472 se
238 422 339 473 dilecta
349 422 494 473 Tritonida
504 422 572 472 dixit
583 422 616 472 ab
627 422 708 473 unda.

95 492 145 544 855
156 492 245 553 Quam
255 491 334 542 iuxta
342 488 452 541 Lethon
463 493 564 541 tacitus
574 490 741 556 praelabitur
752 490 851 551 amnis,

153 560 279 623 lnsernis,
289 566 320 610 ut
329 558 411 621 iansa,
421 557 534 610 trahens
544 559 645 610 obliuia
655 560 744 611 renis:

154 632 242 698 Atque
250 629 363 695 insopiti
373 628 508 696 quondam
521 627 609 679 tutela
618 627 755 690 draconis,

154 698 337 765 Hesperidum
346 711 450 764 pauper
461 696 593 764 spoliatus
603 695 746 747 frondibus
757 694 870 746 hortus:

155 767 265 818 lmidus
276 780 381 817 annoso
393 767 439 833 qui
449 765 551 817 famam
561 765 678 834 derogat
688 780 767 827 aero,

94 833 145 885 ato
158 837 210 897 Qui
221 841 299 886 vates
311 834 345 885 ad
356 849 422 885 vera
432 841 523 886 vocat.
546 834 610 885 Fuit
620 849 704 885 aurea
714 834 801 895 silum

157 904 318 971 Divitiisque
328 918 426 972 graves
439 909 468 955 et
477 902 552 954 luiso
562 903 684 971 germine
693 904 776 954 rantis

158 973 356 1041 Virgineusque
367 969 468 1023 chorus
480 972 558 1024 nitidi
569 972 695 1023 custodia
703 972 768 1034 luci,

157 1042 194 1094 Et
203 1056 350 1108 numquam
360 1055 457 1091 somno
467 1040 613 1092 damnatus
623 1041 726 1092 lumina
734 1053 858 1107 serpens,

157 1109 270 1162 Robora
281 1108 441 1175 complexus
453 1109 535 1161 rutilo
548 1120 662 1161 curvata
670 1109 791 1161 metallo.

99 1180 148 1232 365
160 1179 276 1231 Abstulit
288 1178 432 1230 arboribus
443 1180 570 1246 pretium,
581 1181 686 1230 nemori
705 1193 740 1229 uc
750 1177 876 1229 laborem

158 1249 279 1300 Alcides:
300 1262 451 1316 passusque
460 1249 558 1312 inopes
569 1248 627 1298 sine
640 1194 762 1314 ponffiere
773 1262 865 1298 ramos

158 1318 262 1369 Retulit
270 1317 400 1385 Argolico
411 1316 543 1385 fulgentia
554 1330 637 1383 poma
646 1323 775 1382 tyranno.

158 1387 229 1438 llisi
249 1388 303 1438 'tur
312 1386 426 1453 depulsa
435 1387 513 1448 locis,
525 1386 668 1452 eiectaque
680 1384 774 1436 classis

158 1453 235 1521 Syrti
253 1473 296 1519 us,
307 1453 380 1506 baud
390 1455 463 1506 ultra
474 1453 685 1505 Garamantidas
695 1454 788 1522 attigit
799 1452 899 1503 undant

102 1525 152 1574 ito
163 1522 218 1576 Sed
230 1525 300 1576 duee
311 1525 443 1590 Pompeio
455 1523 563 1589 Libyae
573 1522 693 1574 melioris
703 1523 731 1573 in
744 1523 799 1573 oris

160 1594 271 1644 Mansit
291 1595 326 1644 At
336 1595 481 1659 impatiens
492 1594 577 1643 virtus
587 1589 701 1643 haerere
713 1592 827 1642 Catonis

162 1661 252 1712 Audet
261 1663 289 1712 in
298 1663 408 1728 ignotas
419 1677 516 1728 agmen
529 1662 699 1712 committere
711 1667 818 1728 gentes,

162 1732 303 1782 Armorum
314 1728 410 1791 fidens,
422 1736 451 1781 et
459 1736 536 1780 terra
547 1731 657 1798 cingere
668 1727 783 1795 Syrtim.

163 1799 240 1850 llaec
250 1797 346 1848 eadem
355 1796 490 1848 suadebat
501 1795 597 1860 biems,
608 1813 678 1865 quae
690 1797 828 1849 clauserat
838 1811 884 1846 ae·

654 1881 714 1927 uor,

102 1935 152 1984 3¹15
162 1935 200 1985 Et
211 1948 273 2001 spes
286 1932 373 1985 imber
384 1940 453 1997 erat,
464 1937 562 1986 nimios
573 1883 755 1988 metdlentibus
764 1935 858 2003 ignes:

162 2004 198 2055 Ut
207 2017 295 2070 neque
305 2004 364 2053 sole
373 2004 455 2064 unm,
466 2020 517 2055 nee
528 2004 597 2055 duro
608 2003 712 2072 frigore
722 2017 843 2062 saevam,

164 2072 228 2122 lnde
238 2071 303 2139 polo
315 2072 428 2138 Libyes,
439 2071 502 2125 hinc
512 2073 610 2124 bruma
618 2078 754 2140 temperet
764 2085 867 2122 annum

162 2142 249 2210 Atque
258 2142 430 2223 ingressurus
439 2142 555 2203 steriles,
567 2143 607 2193 sic
618 2141 702 2204 interr,
713 2155 825 2193 menas:

218 2205 349 2278 Oqosius
359 2227 415 2264 usia
424 2213 499 2264 salus
507 2211 616 2278 placuit
627 2227 685 2262 mes
696 2219 789 2263 cestro
801 2206 903 2261 mestis

103 2279 153 2330 380
163 2279 300 2331 indomita
311 2280 413 2332 cersies
424 2280 502 2343 orem,
513 2279 664 2347 composite
673 2289 773 2333 saintes

162 2349 206 2399 Aa
217 2365 344 2418 magnum
352 2349 466 2402 virtutis
476 2366 541 2417 opus
552 2365 715 2416 sumsnosqsse
727 2347 841 2401 laborem

169 2415 299 2470 Vadimus
308 2417 338 2471 iss
347 2436 454 2487 campos
465 2418 579 2479 steriles,
591 2428 737 2484 exustaque
748 2417 851 2480 mundi,

166 2487 227 2550 Qua
239 2487 337 2540 nimios
354 2487 448 2551 litas,
460 2498 486 2539 et
496 2504 579 2539 rarae
590 2487 747 2558 insontibus
757 2486 858 2548 undae,

165 2556 295 2626 Siccaque
305 2557 424 2629 letiferis
434 2560 555 2625 squalent
567 2556 735 2623 serpentibus
744 2570 821 2606 arsa.

103 2621 155 2673 385
167 2623 276 2678 Durum
287 2626 342 2678 iter
351 2629 389 2678 od
396 2629 476 2694 leges,
484 2626 649 2693 patriaeque
659 2626 764 2680 ruistis
775 2638 897 2676 umorem

165 2693 218 2746 Pes
230 2695 346 2747 mediam
359 2695 460 2764 Libyen
470 2695 589 2758 veniant,
601 2705 683 2763 atque
692 2693 766 2747 insin
778 2701 897 2747 testenta
