1980 3074
142 212 175 260 24
312 213 350 262 Μ.
385 211 485 262 ΑΝΝ.
521 212 699 262 Lucam

99 314 133 362 ro
144 313 182 363 Et
193 313 300 363 ruminio
311 322 416 364 revoate
426 314 519 364 malie.-
530 311 674 380 nuneflere
684 324 813 379 potestat,

142 381 213 432 Dum
223 383 320 447 pendet
323 382 443 452 fortuna
455 382 565 432 durum:
581 398 663 448 quarn
673 383 768 433 oieerit
779 386 859 444 alter,

143 451 319 502 Gaudendum
325 460 372 500 ert.
383 451 434 502 Hie
440 465 470 516 ee
475 450 589 501 stimulis
600 449 679 500 dolor
687 452 745 516 ipse
756 452 865 502 lacessit

187 518 245 570 Nee
255 533 309 568 uon
318 518 389 569 bella
399 520 448 568 u‘ri
459 518 618 585 diverseque
631 525 722 568 eastra
732 526 855 584 petentes

141 587 289 639 Effundunt
298 588 384 637 iustas
392 589 420 636 in
431 589 541 637 numina
551 602 633 637 saeva
642 586 777 653 querelas:

96 657 130 706 45
144 653 169 707 0
179 656 292 706 utitem
303 656 394 716 rortir,
405 656 475 720 quod
482 672 534 706 non
545 655 573 706 in
584 655 691 706 Punica
701 656 762 706 noti

143 723 284 790 Tempora,
295 722 448 775 Cannarum
453 723 561 793 fuirunt
571 721 733 789 Trebiaeque
744 724 874 774 iurentur.

141 793 199 844 Non
205 808 300 859 pacem
306 793 432 857 petimur,
443 792 547 858 ruperi:
559 793 623 843 date
629 791 756 858 gentibue
766 791 839 841 irat:

140 859 217 913 Nune
227 861 304 910 urler
315 860 503 929 exeiteferar:
515 860 635 911 coniuret
645 860 674 910 in
686 876 763 913 arrrta

140 928 270 981 Mundae:
288 927 473 979 Achaemeniis
484 929 629 979 decurrant
642 927 749 979 Medica
762 928 838 978 Surio

96 998 129 1047 50
142 997 273 1064 Agntina:
285 995 455 1064 Moerageten
466 996 606 1064 Scythicus
615 1013 668 1048 non
678 996 781 1064 adliget
793 997 874 1048 liter:

140 1066 253 1117 Fundat
265 1065 298 1115 al>
310 1073 429 1115 extremo
437 1063 527 1132 flaoor
536 1065 667 1131 Aquilone
680 1065 778 1116 Sueoor

140 1133 222 1194 Allis,
235 1143 262 1184 et
271 1133 431 1184 indomitum
442 1131 530 1184 noent
540 1142 638 1199 eaput:
654 1132 774 1184 omnibus
786 1133 872 1184 horter

139 1201 254 1252 Reddite
265 1218 311 1252 nor
317 1201 436 1267 pepulit:
448 1201 525 1251 civile
538 1202 653 1253 avertite
664 1202 773 1252 bellum:

139 1270 210 1322 Hine
220 1269 314 1321 Daeur
321 1278 442 1336 premat,
457 1268 518 1321 inde
531 1271 627 1322 Geter:
649 1281 776 1322 occurrat
787 1271 874 1322 Iberis

95 1339 127 1388 55
140 1339 225 1399 Alter,
236 1340 272 1389 ad
282 1339 358 1390 ane
370 1337 413 1389 ieie
424 1347 514 1389 oertat
523 1337 603 1405 rigna
613 1339 767 1404 pharetrae.

138 1407 219 1459 Nulla
229 1416 306 1459 oaeet
314 1406 585 1470 tibi,1lomo,manur.
602 1406 649 1458 Vel
655 1408 769 1475 perdere
780 1424 873 1458 nomeu

137 1477 168 1528 Si
174 1478 266 1542 placet
275 1475 444 1542 Hesperium,
454 1475 553 1542 superi,
562 1478 693 1542 eolloprur
703 1476 732 1528 in
742 1477 829 1542 ignem

139 1545 276 1595 Plurimae
286 1547 324 1595 od
335 1554 437 1596 terram
444 1544 623 1626 perpolmino
635 1545 742 1595 decidat
753 1541 854 1594 aether.

136 1614 219 1665 Saeve
228 1629 334 1678 parent,
347 1622 477 1678 utraeque
486 1614 566 1663 evraul
575 1622 722 1678 portetque
732 1615 872 1678 ducetque,

94 1680 127 1730 60
140 1679 211 1732 Dum
222 1682 337 1733 nonduin
350 1679 553 1751 ineruere,feri.
594 1677 715 1731 Tantone
725 1697 853 1732 novorum

139 1751 275 1800 Proventu
286 1750 413 1799 scelerum
425 1756 567 1813 quaerunt,
578 1755 640 1797 nter
650 1748 765 1813 imperet
775 1748 837 1798 nrlv’
843 1752 855 1798 l

143 1815 195 1869 Vin
205 1816 381 1887 tantifuerat
392 1815 483 1866 virilia
496 1815 563 1866 bella
574 1831 684 1874 morere,

140 1886 176 1937 Ut
187 1894 289 1938 neuter.
325 1884 408 1934 Tales
418 1884 505 1949 pietas
516 1884 637 1948 periture
647 1883 770 1950 querelas

137 1954 240 2020 Egeu't.
264 1954 299 2002 At
309 1954 422 2002 miseros
433 1952 507 2017 augit
516 1966 566 2001 sua
576 1966 643 2000 cura
652 1960 787 2016 parentes,

94 2022 127 2072 65
139 2022 315 2086 Oderuntque
325 2021 415 2085 gravio
424 2020 530 2068 vivacia
540 2016 598 2069 fata
608 2026 744 2082 senectae,

137 2088 319 2153 Servatosque
328 2089 426 2136 iterum
437 2086 514 2136 bellis
525 2087 646 2138 civilium
656 2103 750 2138 annos.

170 2159 256 2222 Atque
267 2155 371 2220 aliquis,
382 2169 480 2221 magno
491 2170 623 2221 quaerens
634 2157 758 2223 exempla
769 2160 870 2220 timori,

139 2225 195 2276 Non
206 2223 283 2283 alior,
294 2224 389 2288 inquit,
400 2232 486 2273 motae
498 2225 638 2293 tunefato
645 2226 794 2291 parabant,

138 2292 225 2355 Quum
229 2299 291 2356 port
300 2288 459 2342 Teutonicae
464 2291 714 2360 rictorLilqeorque
720 2294 871 2359 triumphos

93 2364 126 2411 w
138 2361 227 2411 Exeal
236 2359 328 2410 limera
341 2358 446 2411 Moriar
457 2371 540 2427 eaput
551 2361 658 2412 abdidit
669 2365 739 2412 ulra.

139 2430 243 2495 Stagna
269 2429 318 2479 udi
339 2438 429 2479 texere
439 2429 497 2487 toli,
509 2433 639 2493 lanaeque
647 2430 760 2494 paludes

136 2496 305 2562 Deporitum,
316 2495 448 2557 Fortuna,
460 2507 548 2547 tuum.-
563 2513 624 2548 mox
634 2497 741 2547 vincula
746 2496 825 2566 ferri

136 2566 259 2617 Exedere
269 2581 365 2626 renem,
378 2567 523 2630 longaeque
533 2564 562 2616 in
572 2580 680 2614 earcere
686 2566 798 2630 paedor.

137 2633 235 2686 favunt
243 2642 271 2683 et
281 2649 372 2683 euersa
378 2632 453 2702 felin
463 2632 610 2683 moriturae
619 2631 649 2682 in
660 2633 726 2683 urle

296 2711 315 2751 'e
327 2700 410 2752 dolat
421 2702 555 2752 scelerum.
594 2699 670 2751 More
679 2700 738 2768 ipro
751 2701 857 2771 refugit
