1980 3074
199 183 233 232 to
374 184 411 231 bt.
446 181 782 234 ANNsLUcaNi

200 300 259 352 Ulla
268 299 351 360 sidet,
364 301 448 351 sterili
461 317 513 351 non
525 300 669 367 quidquam
682 300 783 367 frigore
794 301 891 368 gignit,

199 368 253 420 Sed
266 369 353 436 glacie
363 369 467 419 medios
476 371 614 436 signorum
626 375 762 434 temperat
771 369 857 435 ignes.

142 438 188 488 tto
200 436 254 500 Sic,
266 452 282 487 o
294 452 397 488 summe
408 452 506 504 pareus
516 436 617 496 mundi,
630 437 669 486 sic
679 445 754 487 sorte
765 439 886 488 secunda

200 507 333 573 Aequorei
343 513 436 556 rector
447 505 542 566 facias,
555 504 689 572 Neptune,
701 505 841 555 tridentis:

199 575 234 627 Et
245 582 273 624 tu
286 576 423 641 perpetuis
432 574 573 641 impendas
585 587 651 623 aera
661 574 771 636 nimbis3

199 645 242 694 Tu
253 657 376 693 remeare
386 649 462 693 vetes
474 656 658 710 quoscumque
669 643 791 692 emiseris
803 650 905 697 aestua

197 711 258 775 Non
270 710 389 762 habeant
400 726 492 762 omues
503 710 634 761 declivem
646 710 679 759 ad
690 710 772 760 litora
783 725 901 773 cursum,

139 781 187 831 115
200 779 253 832 Sed
265 781 353 847 pelagi
365 779 519 830 referantur
528 780 620 846 aquis:
638 793 826 847 concussaque
837 780 921 832 tellus

198 849 287 899 Laxet
296 850 350 898 iter
359 847 454 898 fluviis.
488 849 547 898 Hos
560 861 671 913 campos
684 846 793 898 Rhenus
803 849 930 912 inundet,

200 918 257 967 Hos
270 915 429 967 Rhodanus:
441 923 534 967 vastos
547 916 685 982 obliquent
696 916 806 967 flumina
817 915 920 979 fontes,

197 984 351 1051 Rhiphaeas
361 983 414 1035 huc
425 984 500 1035 solve
510 986 594 1046 nives,
605 983 659 1034 huc
669 991 767 1052 stagna
776 985 909 1053 lacusque

198 1055 235 1104 Et
247 1055 346 1121 pigras,
358 1053 519 1121 ubicumque
529 1055 628 1114 iacent,
640 1052 748 1103 effunde
761 1052 889 1119 paludesz

140 1125 187 1172 tm
198 1123 234 1172 Et
247 1124 360 1172 miseras
370 1121 448 1172 bellis
460 1122 581 1172 ciuilibus
592 1124 666 1188 eripe
677 1128 773 1172 terras.

250 1190 304 1241 Sed
315 1205 398 1257 parto
410 1191 531 1240 Fortuna
541 1192 593 1240 viri
604 1196 733 1241 contenta
744 1205 856 1256 pavore,

198 1261 281 1310 Plena
293 1260 372 1321 redit,
382 1259 516 1326 solitoque
527 1260 613 1326 magis
624 1258 717 1309 farere
728 1259 839 1309 secundi

198 1330 234 1379 Et
244 1329 349 1378 veniam
359 1343 483 1379 meruere
496 1328 548 1377 dei.
576 1329 633 1377 lam
645 1328 733 1377 ran'or
743 1341 799 1388 aer,

199 1398 234 1448 Et
245 1413 294 1463 par
304 1396 432 1448 Phoebus
442 1398 528 1464 aquis,
539 1397 636 1447 densas
647 1398 674 1446 in
685 1395 787 1445 vellera
797 1396 884 1446 niibes

138 1465 187 1515 125
199 1465 351 1533 Sparserat,
363 1473 391 1516 et
402 1474 497 1517 noctes
509 1472 622 1515 ventura
634 1466 694 1515 luco
705 1464 853 1515 rubebant:

198 1533 365 1601 Servatoque
377 1535 438 1585 loco
450 1550 549 1594 rerum,
560 1534 686 1584 discessit
695 1533 729 1583 ab
741 1535 822 1584 astris

199 1603 311 1664 Humor,
323 1613 351 1653 et
360 1606 416 1653 ima
425 1605 495 1668 petit
507 1602 636 1669 quidquid
646 1601 783 1668 pendebat
793 1616 928 1668 aquarum

198 1670 307 1721 'l‘ollere
317 1671 384 1720 silva
395 1686 497 1731 comas,
512 1671 616 1736 stagnis
626 1670 765 1737 emergere
776 1670 860 1722 colles
916 1701 920 1710 ·

198 1740 340 1804 incipiunt,
352 1741 463 1805 visoque
476 1739 519 1789 die
529 1739 675 1789 durescere
685 1739 777 1789 valles.

138 1810 186 1858 tm
200 1808 287 1873 thue
298 1805 392 1857 habuit
401 1809 473 1873 ripas
484 1807 595 1869 Sicoris,
607 1823 771 1874 camposque
782 1808 901 1876 reliquit,

197 1877 315 1925 Primum
328 1891 397 1926 cana
407 1876 474 1925 salix
485 1875 640 1927 madefacto
651 1878 750 1926 vimine
761 1891 874 1942 parvam

197 1945 312 1994 'l'exitur
321 1945 348 1994 in
360 1945 479 2011 puppim,
491 1959 625 2012 caesoque
636 1946 749 1995 inducta
757 1947 881 1997 iuvenco.

111 2025 115 2032 ·
197 2011 324 2063 Vectoris
335 2014 440 2079 patiens
449 2013 581 2063 tumidum
591 2019 768 2079 superenatat
779 2028 897 2066 amnem.

197 2079 241 2132 Sic
251 2081 373 2132 Venetus
383 2089 526 2149 stagnante
538 2082 624 2143 Pado,
641 2082 756 2148 fusoque
767 2082 918 2135 Britannus

136 2150 185 2200 135
199 2150 315 2218 Navigat
325 2151 449 2202 Oceano:
462 2153 501 2201 sic
513 2167 573 2201 oum
585 2157 660 2202 tenet
671 2150 856 2212 mutabilius,

196 2222 353 2271 Conseritur
362 2221 455 2271 bibula
464 2218 621 2286 Memphitis
632 2220 732 2284 cymba
741 2234 857 2286 papyro.

198 2289 246 2339 His
257 2290 362 2341 ratibus
372 2291 521 2341 transiecta
532 2305 627 2339 manus
639 2288 751 2339 festinat
761 2290 890 2355 utrinque

197 2356 336 2408 Succisum
349 2374 462 2409 curuare
474 2373 581 2421 nemus3
594 2357 720 2424 fluviique
730 2355 832 2407 ferocis

196 2427 365 2477 incrementa
375 2429 480 2488 timens,
491 2441 546 2477 non
558 2428 649 2492 primis
661 2426 762 2476 robora
772 2427 837 2492 n'pis

134 2494 184 2544 tto
197 2496 341 2561 imposuit:
354 2497 457 2547 medios
468 2501 578 2561 pontem
590 2495 719 2546 distendit
727 2496 755 2544 in
768 2508 859 2561 agros.

194 2564 231 2612 hc
240 2578 274 2613 ue
286 2564 348 2630 quid
363 2563 464 2615 Sicoris
475 2564 599 2629 repetitis
611 2564 711 2613 audeat
722 2563 810 2623 undis,

194 2629 337 2699 Spargitur
345 2633 373 2682 in
384 2632 482 2692 sulcos,
494 2638 522 2682 et
532 2633 617 2682 scisso
629 2633 736 2699 gurgite
747 2632 811 2681 rim's

193 2698 250 2750 Dat
260 2714 363 2759 poenes
373 2702 483 2751 maioris
494 2715 580 2767 aquae
607 2700 757 2767 Postquam
767 2701 860 2750 omma
870 2701 891 2752 i:
