1980 3074
200 173 234 226 88
372 170 409 218 Μ.
446 166 546 218 ΑΝΝ.
582 167 762 218 Lucani

201 291 267 341 Cum
279 287 376 354 procul
387 302 402 337 e
413 288 524 342 summis
536 287 676 350 conspecti
688 285 801 336 collibus
812 283 909 337 hostes

201 356 310 409 Fraude
320 372 370 407 sua
381 369 488 406 cessere
498 369 603 419 parum,
616 353 679 403 dum
690 353 759 403 colle
770 353 865 403 relicto

200 424 324 477 Effusam
336 423 434 491 patulis
444 425 531 473 aciem
543 422 727 473 committeret
738 423 820 472 arvis:

201 494 249 544 llle
260 493 353 561 fugam
364 492 487 554 credens,
497 489 639 541 simulatae
650 491 757 540 nescius
770 492 844 550 artis,

141 562 192 614 145
202 564 239 614 Ut
248 563 345 622 victor,
356 560 461 612 medios
471 560 558 611 aciem
570 560 685 626 proiecit
694 560 722 609 in
732 575 822 627 agros.

202 633 281 681 Tunc
291 631 407 696 primum
418 635 533 696 patuere
543 628 613 689 doli,
626 625 813 695 Numidaeque
823 627 938 696 fugaces

204 699 325 767 Undique
337 697 479 763 completis
491 697 647 747 clauserunt
656 697 793 748 montibus
840 713 911 748 men.

203 768 352 834 Obstupuit
361 767 416 817 dux
426 769 485 833 ipse
497 765 585 826 simul,
596 767 717 830 peritura
736 779 771 816 ue
780 711 870 817 tuzrla.

202 835 264 888 Non
274 835 361 886 tirnidi
372 836 475 901 petiere
486 834 587 901 fugam,
599 848 653 883 noa
661 848 728 898 prce
740 834 766 884 ‘a
774 833 875 885 fortes:

143 907 193 956 150
205 906 311 970 Quippe
321 903 369 954 ubi
377 919 431 955 non
442 905 551 968 sonipes
561 908 652 952 monas
669 901 797 970 clangore
808 904 936 955 tubarum

203 971 277 1024 Saxa
287 973 376 1039 quatit
386 972 473 1037 pulsu,
485 971 588 1038 rigidos
598 973 727 1022 vexantia
738 969 831 1022 frenos

203 1043 260 1093 Ora
270 1048 371 1103 terens,
382 1042 538 1107 spargitque
549 1039 636 1099 iubas,
648 1046 676 1090 et
686 1039 802 1107 subrigit
813 1054 903 1101 aures,
939 1050 943 1055 '

203 1113 365 1176 incertoque
376 1108 476 1174 pedum
487 1114 590 1175 pugnat
600 1122 654 1158 nnn
665 1113 738 1158 stare
749 1108 874 1159 tumultu.

202 1181 288 1230 Fessa
296 1179 370 1228 iacet
380 1179 480 1229 cervix.
497 1178 615 1228 Fumant
626 1175 770 1227 sudoribus
781 1183 866 1237 artus,

142 1250 193 1300 155
205 1249 314 1315 Oraque
324 1247 449 1313 proiecta
459 1246 585 1314 squalent
595 1246 701 1296 arentia
712 1245 816 1313 lingua:

203 1319 322 1368 Pectora
341 1330 425 1367 rauca
442 1322 566 1383 gemunt,
589 1328 660 1382 quae
682 1314 779 1365 creber
803 1313 940 1366 anhelitus

615 1399 647 1434 ur
686 1390 726 1433 et:

203 1455 241 1506 Et
250 1453 360 1505 deiecta
369 1454 459 1520 graiis
469 1452 549 1520 longe
561 1398 701 1502 trahitgilla
710 1451 816 1518 pulsus:

204 1520 336 1589 Siccaque
347 1521 500 1588 sanguineis
512 1522 632 1571 durescit
643 1535 739 1586 spuma
748 1521 856 1586 lupatis.

204 1592 314 1656 lamque
333 1589 447 1656 gradum
470 1604 557 1655 neque
583 1589 742 1640 verberibus
767 1590 939 1655 stimulisque

677 1659 775 1717 coacti,
940 1700 944 1707 .

145 1728 195 1778 160
207 1725 275 1786 Nec,
287 1725 409 1792 quamvis
420 1723 522 1773 crebris
530 1725 597 1775 iussi
608 1726 768 1787 calcaribus,
781 1725 893 1776 addunt
917 1752 920 1756 ·

206 1793 369 1846 Vulneribus
381 1797 515 1857 coguntur
525 1794 595 1859 equi.
623 1792 852 1861 Necproiuitulli

207 1860 366 1927 Cornipedis
381 1861 486 1925 rupisse
502 1876 607 1912 moras:
627 1876 717 1981 plesque
732 1865 803 1913 enlm
820 1864 941 1928 impetus

616 1947 625 1981 r

206 2003 386 2066 Incursusque
396 1997 462 2049 tuit:
475 2003 580 2048 tantum
591 1999 730 2064 prefertur
740 2000 774 2052 ad
785 1998 888 2061 hostes,

206 2069 244 2122 Et
254 2069 371 2136 spatium
381 2066 477 2118 iaculis
489 2067 583 2119 oblato
593 2068 705 2121 vulnere
717 2069 809 2121 donni.

147 2138 197 2191 165
207 2141 242 2191 nt
258 2154 343 2207 vagus
352 2136 418 2188 Afer
429 2151 514 2203 equos
524 2142 555 2186 ut
564 2139 679 2202 primum
690 2140 781 2189 emisit
790 2140 817 2188 in
830 2153 941 2206 agatem

206 2210 284 2259 Tunc
298 2207 386 2273 campi
398 2212 535 2257 tremuere
546 2221 629 2257 sono:
641 2213 769 2273 terraque
780 2207 880 2267 seluta,

208 2279 330 2338 Quantus
340 2276 465 2326 Bistonio
477 2280 622 2342 torquetur
632 2276 739 2326 turbine
750 2275 847 2341 pulsis,

206 2348 277 2397 Aera
286 2345 357 2396 nube
377 2360 428 2395 sua
437 2345 515 2403 texit,
527 2345 664 2411 traxitque
675 2344 811 2395 tenebras.

206 2416 242 2466 Ut
251 2429 316 2465 vero
326 2414 354 2463 in
366 2413 470 2479 pedites
480 2411 567 2462 tatum
577 2412 729 2464 miserabile
739 2412 804 2462 belli

145 2487 196 2536 110
207 2482 345 2534 lncubuit:
355 2482 429 2532 nullo
440 2480 514 2531 dubii
526 2480 680 2532 discrimine
689 2482 788 2531 Martis

205 2552 345 2617 Ancipites
355 2555 491 2601 steterunt
502 2564 590 2609 casus,
602 2549 651 2600 sed
662 2557 790 2614 tempora
800 2563 910 2616 pugnae
943 2549 947 2556 '

206 2621 284 2672 Mors
294 2619 390 2670 tenuit
409 2616 938 2686 Nequeenimlicuitprccurrereccntn

207 2689 369 2739 Etmiscere
380 2701 483 2737 manus.
512 2682 558 2736 Sic
569 2686 915 2754 undiqueseptsinrentus
949 2690 953 2697 '
