1980 3074
233 208 518 260 PllAllSALlA.
554 208 645 259 LlB.
664 209 697 258 X.
784 205 834 258 221¹!

101 329 166 378 lnde
176 328 367 378 Paraetoniam
380 327 467 377 fertur
477 342 588 378 securus
598 329 624 377 in
639 325 732 378 urbem

100 397 219 464 Pignore
230 401 287 445 tam
298 397 373 446 saevi
385 395 503 458 sceleris,
514 411 564 446 sua
574 398 651 463 signa
663 401 785 446 secutus:
859 395 894 444 ill

101 464 155 515 Sed
167 463 277 514 fremitu
286 463 367 530 vulgi,
379 463 467 514 fasces
479 469 507 514 et
516 465 576 514 iura
588 465 725 530 querentis

101 533 196 584 lnierri
208 533 332 582 Romana
342 533 406 593 suis,
418 532 554 582 discordia
563 532 648 583 sensit

101 602 228 664 Pectora,
241 607 269 652 et
279 600 410 666 ancipites
418 601 530 663 animos,
541 600 833 668 Magnumqueperisse

100 670 162 720 Non
174 670 233 720 sibi.
252 670 323 718 Tum
336 668 410 719 vultu
423 683 530 737 semper
542 669 647 720 celante
658 670 794 728 timorem,

101 739 254 805 Intrepidus
265 741 392 804 superum
402 738 490 802 sedes,
501 744 530 790 et
540 737 642 805 templa
650 739 750 788 vetusti
859 732 893 784 15

100 806 233 870 Numinis,
245 808 368 874 antiquas
379 807 518 868 Macetum
529 809 659 858 testantia
670 807 750 867 vires,

100 877 215 928 Circuit:
234 881 262 928 et
272 875 343 927 nulla
355 883 450 942 captus
462 876 602 928 dulcedine
613 891 713 939 rerum,

99 945 160 996 Non
172 961 238 996 auro
250 945 378 1013 cultuque
390 945 479 1007 derina,
490 962 543 996 non
554 945 695 997 moenibus
706 945 789 1005 uritis,

98 1014 236 1066 Effossum
247 1015 356 1066 tumulis
368 1014 464 1082 cupide
475 1015 616 1066 descendit
626 1017 652 1066 in
666 1022 780 1065 antrum.

97 1083 156 1135 lllic
167 1084 268 1135 Pellaei
281 1084 372 1150 proles
382 1099 483 1135 vesana
494 1083 620 1151 Philippi,
859 1080 892 1128 20

97 1153 173 1203 Felix
185 1151 297 1218 praedo,
308 1153 390 1214 iacet,
403 1158 536 1203 terrarum
547 1152 654 1204 sindica
665 1151 722 1202 fato

97 1222 214 1287 Raptus;
233 1222 348 1271 sacratis
360 1226 448 1271 totum
458 1221 612 1288 spargenda
623 1236 672 1287 per
684 1220 776 1270 orbem

97 1289 221 1340 Membra
231 1289 280 1338 riri
292 1303 409 1353 posuere
421 1289 525 1352 adytis:
545 1291 667 1338 Fortuna
679 1286 802 1353 pepercit

96 1356 232 1418 Manibus,
245 1362 272 1406 et
283 1357 358 1422 regni
369 1356 476 1406 duravit
486 1357 519 1405 ad
530 1356 624 1406 ultima
634 1356 729 1406 fatum.

96 1425 166 1477 Nam
178 1424 229 1475 sibi
241 1424 354 1474 libertas
364 1439 491 1491 umquam
502 1426 525 1474 si
537 1424 663 1475 redderet
675 1423 777 1485 orbem,
858 1422 890 1471 25

96 1493 228 1545 Ludibrio
241 1498 364 1544 servatus
375 1498 444 1555 erat,
456 1508 509 1542 non
520 1493 586 1543 utile
597 1493 696 1542 mundo

95 1563 194 1615 Editus
206 1561 367 1627 exemplum,
378 1567 466 1612 terras
477 1566 520 1612 tot
530 1577 610 1628 posse
622 1561 671 1612 sub
682 1575 735 1612 uno

95 1633 165 1682 Esse
175 1632 242 1682 viro.
270 1632 409 1681 Macetum
421 1631 488 1682 lines
497 1630 670 1698 latebrasque
682 1642 791 1681 suorum

97 1701 234 1762 Deseruit,
244 1701 383 1767 victasque
396 1701 468 1767 patri
479 1700 604 1767 despexit
613 1697 746 1751 Athenas:

96 1770 202 1837 Perque
211 1771 290 1821 Asiae
301 1770 416 1836 populos
428 1769 491 1821 latis
502 1769 660 1889 urgentibus
673 1776 750 1819 actus
859 1768 890 1816 3⁰

95 1839 223 1890 Humana
235 1855 296 1890 cum
308 1844 400 1907 strage
410 1840 474 1902 ruit,
486 1839 530 1906 gla
550 1841 658 1906 iumque
669 1854 719 1906 per
729 1852 822 1888 omnes

95 1910 196 1975 Exegit
206 1915 314 1975 gentes:
332 1909 442 1976 ignotos
453 1909 562 1959 miscuit
575 1923 675 1970 amnes,

97 1978 241 2027 Persarum
247 1976 414 2042 Euphraten,
426 1977 554 2028 ludorum
565 1979 695 2045 sanguine
704 1976 830 2043 Gangen:

97 2045 245 2095 Terrarum
255 2044 339 2094 fatale
349 2045 458 2107 malum,
469 2045 634 2112 fulmenque,
646 2045 718 2113 quod
729 2059 822 2095 omnes

96 2112 259 2162 Percuteret
269 2113 373 2176 pariter
384 2112 508 2177 populos,
522 2120 550 2162 et
561 2113 634 2163 sidus
646 2114 767 2178 iniquum
859 2111 890 2161 35

98 2178 240 2230 Gentibus.
266 2180 376 2230 Oceano
390 2180 489 2230 classes
500 2179 602 2232 inferre
612 2180 728 2246 parabat

96 2248 241 2300 Exteriore
252 2249 329 2297 mari.
358 2247 418 2298 Non
430 2248 469 2299 illi
479 2247 596 2310 flamma,
607 2263 657 2299 nec
669 2249 766 2310 undae,

96 2317 154 2369 Nec
166 2317 265 2368 sterilis
275 2315 372 2382 Libye,
383 2331 433 2367 nec
441 2315 565 2383 Syrticus
576 2317 832 2368 obstititllammon.

95 2389 165 2439 lsset
174 2387 201 2437 in
214 2401 336 2447 occasus,
347 2385 440 2436 mundi
451 2385 556 2436 devexa
568 2392 688 2448 secutus,

94 2456 283 2523 Ambissetque
295 2454 382 2522 polos,
395 2453 529 2522 Nilonque
540 2469 557 2505 a
568 2453 644 2506 fonte
655 2454 783 2507 bibisset:
860 2453 895 2505 4⁰

95 2527 223 2577 Occurrit
233 2539 360 2592 suprema
373 2525 440 2587 dies,
451 2530 603 2592 naturaque
615 2525 702 2576 solum

94 2596 174 2645 llunc
185 2596 275 2661 potuit
286 2595 366 2644 finem
378 2609 480 2646 vesano
493 2608 595 2661 ponere
607 2595 664 2662 regi
674 2612 680 2658 ;

94 2665 146 2724 Qui
158 2679 251 2714 secum
261 2664 370 2727 invidia,
382 2679 435 2732 qua
446 2669 534 2714 totum
546 2670 658 2731 ceperat
668 2661 772 2726 orbem,

94 2732 213 2782 Abstulit
223 2734 380 2798 imperium;
399 2733 526 2800 nulloque
536 2730 637 2785 herede
647 2732 743 2784 relicto

625 2803 683 2854 Pa
