<?xml version="1.0" encoding="UTF-8"?>
<!DOCTYPE html PUBLIC "-//W3C//DTD XHTML 1.0 Transitional//EN"
    "http://www.w3.org/TR/xhtml1/DTD/xhtml1-transitional.dtd">
<html xmlns="http://www.w3.org/1999/xhtml" xml:lang="en" lang="en">
 <head>
  <title>
</title>
<meta http-equiv="Content-Type" content="text/html;charset=utf-8" />
  <meta name='ocr-system' content='tesseract 3.04.00' />
  <meta name='ocr-capabilities' content='ocr_page ocr_carea ocr_par ocr_line ocrx_word'/>
</head>
<body>
  <div class='ocr_page' id='page_1' title='image "./pharsaliacumind00lucagoog_0044.png"; bbox 0 0 1980 3074; ppageno 0'>
   <div class='ocr_carea' id='block_1_1' title="bbox 184 213 798 266">
    <p class='ocr_par' dir='ltr' id='par_1_1' title="bbox 184 213 798 266">
     <span class='ocr_line' id='line_1_1' title="bbox 184 213 798 266; baseline 0.002 -2"><span class='ocrx_word' id='word_1_1' title='bbox 184 215 472 266; x_wconf 65' lang='lat' dir='ltr'>emerseris.</span> <span class='ocrx_word' id='word_1_2' title='bbox 509 213 598 264; x_wconf 57' lang='lat'>1213.</span> <span class='ocrx_word' id='word_1_3' title='bbox 628 215 667 265; x_wconf 87' lang='lat' dir='ltr'>ll.</span> <span class='ocrx_word' id='word_1_4' title='bbox 765 215 798 265; x_wconf 75' lang='lat' dir='ltr'>st</span> 
     </span>
    </p>
   </div>
   <div class='ocr_carea' id='block_1_2' title="bbox 53 332 858 2814">
    <p class='ocr_par' dir='ltr' id='par_1_2' title="bbox 59 332 858 400">
     <span class='ocr_line' id='line_1_2' title="bbox 59 332 858 400; baseline -0.003 -15"><span class='ocrx_word' id='word_1_5' title='bbox 59 335 135 385; x_wconf 83' lang='lat' dir='ltr'>Haec</span> <span class='ocrx_word' id='word_1_6' title='bbox 148 335 193 385; x_wconf 89' lang='lat' dir='ltr'>ubi</span> <span class='ocrx_word' id='word_1_7' title='bbox 206 334 288 396; x_wconf 85' lang='lat' dir='ltr'>dicta,</span> <span class='ocrx_word' id='word_1_8' title='bbox 300 334 366 384; x_wconf 82' lang='lat' dir='ltr'>levis</span> <span class='ocrx_word' id='word_1_9' title='bbox 376 340 450 384; x_wconf 81' lang='lat' dir='ltr'>totas</span> <span class='ocrx_word' id='word_1_10' title='bbox 463 335 570 400; x_wconf 85' lang='lat' dir='ltr'>accepit</span> <span class='ocrx_word' id='word_1_11' title='bbox 580 332 699 384; x_wconf 79' lang='lat' dir='ltr'>habenas</span> <span class='ocrx_word' id='word_1_12' title='bbox 808 333 858 383; x_wconf 93' lang='grc'>500</span> 
     </span>
    </p>

    <p class='ocr_par' dir='ltr' id='par_1_3' title="bbox 59 401 776 471">
     <span class='ocr_line' id='line_1_3' title="bbox 59 401 776 471; baseline 0 -19"><span class='ocrx_word' id='word_1_13' title='bbox 59 404 88 452; x_wconf 87' lang='lat' dir='ltr'>in</span> <span class='ocrx_word' id='word_1_14' title='bbox 101 417 227 471; x_wconf 89' lang='lat' dir='ltr'>campum</span> <span class='ocrx_word' id='word_1_15' title='bbox 239 404 361 470; x_wconf 86' lang='lat' dir='ltr'>sonipes:</span> <span class='ocrx_word' id='word_1_16' title='bbox 378 402 529 470; x_wconf 89' lang='lat' dir='ltr'>crebroque</span> <span class='ocrx_word' id='word_1_17' title='bbox 540 402 675 452; x_wconf 82' lang='lat' dir='ltr'>simillima</span> <span class='ocrx_word' id='word_1_18' title='bbox 685 401 776 452; x_wconf 85' lang='lat' dir='ltr'>nimbo</span> 
     </span>
    </p>

    <p class='ocr_par' dir='ltr' id='par_1_4' title="bbox 57 470 665 538">
     <span class='ocr_line' id='line_1_4' title="bbox 57 470 665 538; baseline -0.003 -16"><span class='ocrx_word' id='word_1_19' title='bbox 57 473 147 523; x_wconf 76' lang='lat' dir='ltr'>&#39;fraus</span> <span class='ocrx_word' id='word_1_20' title='bbox 158 473 246 538; x_wconf 84' lang='lat' dir='ltr'>ripam</span> <span class='ocrx_word' id='word_1_21' title='bbox 256 470 337 522; x_wconf 79' lang='lat' dir='ltr'>relidi</span> <span class='ocrx_word' id='word_1_22' title='bbox 347 476 486 521; x_wconf 88' lang='lat' dir='ltr'>torserunt</span> <span class='ocrx_word' id='word_1_23' title='bbox 497 471 552 521; x_wconf 85' lang='lat' dir='ltr'>tela</span> <span class='ocrx_word' id='word_1_24' title='bbox 561 471 665 521; x_wconf 81' lang='lat' dir='ltr'>lacerti.</span> 
     </span>
    </p>

    <p class='ocr_par' dir='ltr' id='par_1_5' title="bbox 57 538 706 607">
     <span class='ocr_line' id='line_1_5' title="bbox 57 538 706 607; baseline -0.003 -17"><span class='ocrx_word' id='word_1_25' title='bbox 57 540 212 607; x_wconf 83' lang='lat' dir='ltr'>ingreditur</span> <span class='ocrx_word' id='word_1_26' title='bbox 222 541 301 606; x_wconf 83' lang='lat' dir='ltr'>pulsa</span> <span class='ocrx_word' id='word_1_27' title='bbox 312 538 422 590; x_wconf 69' lang='lat' dir='ltr'>flurium</span> <span class='ocrx_word' id='word_1_28' title='bbox 434 541 552 590; x_wconf 86' lang='lat' dir='ltr'>statione</span> <span class='ocrx_word' id='word_1_29' title='bbox 563 546 706 590; x_wconf 79' lang='lat' dir='ltr'>vacantem</span> 
     </span>
    </p>

    <p class='ocr_par' dir='ltr' id='par_1_6' title="bbox 58 606 718 674">
     <span class='ocr_line' id='line_1_6' title="bbox 58 606 718 674; baseline -0.003 -15"><span class='ocrx_word' id='word_1_30' title='bbox 58 611 168 671; x_wconf 85' lang='lat' dir='ltr'>Caesar,</span> <span class='ocrx_word' id='word_1_31' title='bbox 180 616 208 659; x_wconf 90' lang='lat' dir='ltr'>et</span> <span class='ocrx_word' id='word_1_32' title='bbox 220 609 255 660; x_wconf 89' lang='lat' dir='ltr'>ad</span> <span class='ocrx_word' id='word_1_33' title='bbox 265 615 340 659; x_wconf 82' lang='lat' dir='ltr'>tutas</span> <span class='ocrx_word' id='word_1_34' title='bbox 350 606 437 659; x_wconf 89' lang='lat' dir='ltr'>hostis</span> <span class='ocrx_word' id='word_1_35' title='bbox 450 608 620 674; x_wconf 81' lang='lat' dir='ltr'><strong>compellitur</strong></span> <span class='ocrx_word' id='word_1_36' title='bbox 631 624 718 658; x_wconf 87' lang='lat' dir='ltr'>arces.</span> 
     </span>
    </p>

    <p class='ocr_par' dir='ltr' id='par_1_7' title="bbox 58 676 857 744">
     <span class='ocr_line' id='line_1_7' title="bbox 58 676 857 744; baseline -0.003 -16"><span class='ocrx_word' id='word_1_37' title='bbox 58 679 158 728; x_wconf 85' lang='lat' dir='ltr'>Etiam</span> <span class='ocrx_word' id='word_1_38' title='bbox 170 684 293 729; x_wconf 87' lang='lat' dir='ltr'>moturas</span> <span class='ocrx_word' id='word_1_39' title='bbox 303 678 425 744; x_wconf 86' lang='lat' dir='ltr'>ingentia</span> <span class='ocrx_word' id='word_1_40' title='bbox 435 676 557 743; x_wconf 86' lang='lat' dir='ltr'>pondera</span> <span class='ocrx_word' id='word_1_41' title='bbox 567 683 656 727; x_wconf 89' lang='lat' dir='ltr'>turres</span> <span class='ocrx_word' id='word_1_42' title='bbox 808 677 857 727; x_wconf 91' lang='grc'>505</span> 
     </span>
    </p>

    <p class='ocr_par' dir='ltr' id='par_1_8' title="bbox 58 745 640 814">
     <span class='ocr_line' id='line_1_8' title="bbox 58 745 640 814; baseline -0.005 -17"><span class='ocrx_word' id='word_1_43' title='bbox 58 747 155 814; x_wconf 81' lang='lat' dir='ltr'>Erigit,</span> <span class='ocrx_word' id='word_1_44' title='bbox 167 755 195 797; x_wconf 91' lang='lat' dir='ltr'>et</span> <span class='ocrx_word' id='word_1_45' title='bbox 206 747 301 797; x_wconf 84' lang='lat' dir='ltr'>mediis</span> <span class='ocrx_word' id='word_1_46' title='bbox 312 745 449 812; x_wconf 78' lang='lat' dir='ltr'><strong>subrepsit</strong></span> <span class='ocrx_word' id='word_1_47' title='bbox 458 747 537 796; x_wconf 70' lang='lat' dir='ltr'>tinea</span> <span class='ocrx_word' id='word_1_48' title='bbox 548 747 640 796; x_wconf 78' lang='lat' dir='ltr'>muris.</span> 
     </span>
    </p>

    <p class='ocr_par' dir='ltr' id='par_1_9' title="bbox 57 815 674 882">
     <span class='ocr_line' id='line_1_9' title="bbox 57 815 674 882; baseline -0.002 -17"><span class='ocrx_word' id='word_1_49' title='bbox 57 817 139 876; x_wconf 84' lang='lat' dir='ltr'>Ecce,</span> <span class='ocrx_word' id='word_1_50' title='bbox 152 815 229 866; x_wconf 82' lang='lat' dir='ltr'>nefas</span> <span class='ocrx_word' id='word_1_51' title='bbox 240 815 313 879; x_wconf 90' lang='lat' dir='ltr'>belli,</span> <span class='ocrx_word' id='word_1_52' title='bbox 324 816 454 866; x_wconf 77' lang='lat' dir='ltr'>reseratis</span> <span class='ocrx_word' id='word_1_53' title='bbox 466 815 575 882; x_wconf 85' lang='lat' dir='ltr'>agmina</span> <span class='ocrx_word' id='word_1_54' title='bbox 587 818 674 881; x_wconf 88' lang='lat' dir='ltr'>portis</span> 
     </span>
    </p>

    <p class='ocr_par' dir='ltr' id='par_1_10' title="bbox 56 883 691 951">
     <span class='ocr_line' id='line_1_10' title="bbox 56 883 691 951; baseline 0 -16"><span class='ocrx_word' id='word_1_55' title='bbox 56 884 199 950; x_wconf 85' lang='lat' dir='ltr'>Captivum</span> <span class='ocrx_word' id='word_1_56' title='bbox 210 890 319 935; x_wconf 81' lang='lat' dir='ltr'>traxere</span> <span class='ocrx_word' id='word_1_57' title='bbox 331 883 437 945; x_wconf 89' lang='lat' dir='ltr'>ducem,</span> <span class='ocrx_word' id='word_1_58' title='bbox 451 884 570 950; x_wconf 79' lang='lat' dir='ltr'>civisque</span> <span class='ocrx_word' id='word_1_59' title='bbox 582 885 691 951; x_wconf 82' lang='lat' dir='ltr'>superbi</span> 
     </span>
    </p>

    <p class='ocr_par' dir='ltr' id='par_1_11' title="bbox 57 952 746 1021">
     <span class='ocr_line' id='line_1_11' title="bbox 57 952 746 1021; baseline 0 -17"><span class='ocrx_word' id='word_1_60' title='bbox 57 954 186 1004; x_wconf 79' lang='lat' dir='ltr'>Constitit</span> <span class='ocrx_word' id='word_1_61' title='bbox 197 961 260 1003; x_wconf 87' lang='lat' dir='ltr'>ante</span> <span class='ocrx_word' id='word_1_62' title='bbox 272 953 363 1021; x_wconf 89' lang='lat' dir='ltr'>pedes.</span> <span class='ocrx_word' id='word_1_63' title='bbox 382 952 467 1004; x_wconf 91' lang='lat' dir='ltr'>Voltu</span> <span class='ocrx_word' id='word_1_64' title='bbox 478 959 570 1003; x_wconf 87' lang='lat' dir='ltr'>tamen</span> <span class='ocrx_word' id='word_1_65' title='bbox 582 953 638 1004; x_wconf 86' lang='lat' dir='ltr'>alta</span> <span class='ocrx_word' id='word_1_66' title='bbox 648 955 746 1004; x_wconf 86' lang='lat' dir='ltr'>minaci</span> 
     </span>
    </p>

    <p class='ocr_par' dir='ltr' id='par_1_12' title="bbox 56 1020 857 1089">
     <span class='ocr_line' id='line_1_12' title="bbox 56 1020 857 1089; baseline 0 -17"><span class='ocrx_word' id='word_1_67' title='bbox 56 1020 191 1073; x_wconf 87' lang='lat' dir='ltr'>Nobilitas</span> <span class='ocrx_word' id='word_1_68' title='bbox 202 1030 280 1072; x_wconf 83' lang='lat' dir='ltr'>recta</span> <span class='ocrx_word' id='word_1_69' title='bbox 290 1021 391 1072; x_wconf 87' lang='lat' dir='ltr'>serrum</span> <span class='ocrx_word' id='word_1_70' title='bbox 402 1024 507 1072; x_wconf 78' lang='lat' dir='ltr'>corrice</span> <span class='ocrx_word' id='word_1_71' title='bbox 518 1024 652 1089; x_wconf 84' lang='lat' dir='ltr'>poposcit.</span> <span class='ocrx_word' id='word_1_72' title='bbox 807 1023 857 1073; x_wconf 89' lang='grc'>510</span> 
     </span>
    </p>

    <p class='ocr_par' dir='ltr' id='par_1_13' title="bbox 56 1089 764 1160">
     <span class='ocr_line' id='line_1_13' title="bbox 56 1089 764 1160; baseline -0.003 -18"><span class='ocrx_word' id='word_1_73' title='bbox 56 1089 115 1142; x_wconf 83' lang='lat' dir='ltr'>Scit</span> <span class='ocrx_word' id='word_1_74' title='bbox 126 1092 228 1142; x_wconf 85' lang='lat' dir='ltr'>Caesar</span> <span class='ocrx_word' id='word_1_75' title='bbox 240 1105 408 1159; x_wconf 83' lang='lat' dir='ltr'>poenamque</span> <span class='ocrx_word' id='word_1_76' title='bbox 420 1092 485 1156; x_wconf 88' lang='lat' dir='ltr'>peti,</span> <span class='ocrx_word' id='word_1_77' title='bbox 495 1093 656 1160; x_wconf 80' lang='lat' dir='ltr'>veniamque</span> <span class='ocrx_word' id='word_1_78' title='bbox 667 1093 764 1142; x_wconf 83' lang='lat' dir='ltr'>timeri.</span> 
     </span>
    </p>

    <p class='ocr_par' dir='ltr' id='par_1_14' title="bbox 61 1157 656 1221">
     <span class='ocr_line' id='line_1_14' title="bbox 61 1157 656 1221; baseline 0.002 -12"><span class='ocrx_word' id='word_1_79' title='bbox 61 1157 134 1221; x_wconf 71' lang='lat' dir='ltr'>Vive,</span> <span class='ocrx_word' id='word_1_80' title='bbox 146 1159 210 1210; x_wconf 77' lang='lat' dir='ltr'>licet</span> <span class='ocrx_word' id='word_1_81' title='bbox 220 1159 297 1220; x_wconf 83' lang='lat' dir='ltr'>nolis,</span> <span class='ocrx_word' id='word_1_82' title='bbox 309 1169 335 1210; x_wconf 80' lang='lat' dir='ltr'>st</span> <span class='ocrx_word' id='word_1_83' title='bbox 346 1170 437 1212; x_wconf 82' lang='lat' dir='ltr'>nostro</span> <span class='ocrx_word' id='word_1_84' title='bbox 450 1175 567 1220; x_wconf 82' lang='lat' dir='ltr'>nranere,</span> <span class='ocrx_word' id='word_1_85' title='bbox 579 1160 656 1221; x_wconf 80' lang='lat' dir='ltr'>dixit,</span> 
     </span>
    </p>

    <p class='ocr_par' dir='ltr' id='par_1_15' title="bbox 57 1226 764 1294">
     <span class='ocr_line' id='line_1_15' title="bbox 57 1226 764 1294; baseline 0.001 -17"><span class='ocrx_word' id='word_1_86' title='bbox 57 1228 141 1278; x_wconf 80' lang='lat' dir='ltr'>Cerne</span> <span class='ocrx_word' id='word_1_87' title='bbox 154 1229 234 1280; x_wconf 81' lang='lat' dir='ltr'>diem.</span> <span class='ocrx_word' id='word_1_88' title='bbox 259 1226 343 1278; x_wconf 78' lang='lat' dir='ltr'>Victis</span> <span class='ocrx_word' id='word_1_89' title='bbox 355 1227 409 1279; x_wconf 83' lang='lat' dir='ltr'>s&#39;am</span> <span class='ocrx_word' id='word_1_90' title='bbox 421 1244 478 1294; x_wconf 85' lang='lat' dir='ltr'>spes</span> <span class='ocrx_word' id='word_1_91' title='bbox 489 1228 557 1279; x_wconf 80' lang='lat' dir='ltr'>bona</span> <span class='ocrx_word' id='word_1_92' title='bbox 564 1229 689 1293; x_wconf 80' lang='lat' dir='ltr'>partibus</span> <span class='ocrx_word' id='word_1_93' title='bbox 700 1239 764 1290; x_wconf 83' lang='lat' dir='ltr'>esto,</span> 
     </span>
    </p>

    <p class='ocr_par' dir='ltr' id='par_1_16' title="bbox 59 1296 752 1363">
     <span class='ocr_line' id='line_1_16' title="bbox 59 1296 752 1363; baseline -0.001 -16"><span class='ocrx_word' id='word_1_94' title='bbox 59 1296 271 1363; x_wconf 77' lang='lat' dir='ltr'>Exernplumque</span> <span class='ocrx_word' id='word_1_95' title='bbox 283 1296 348 1346; x_wconf 79' lang='lat' dir='ltr'>mei:</span> <span class='ocrx_word' id='word_1_96' title='bbox 359 1300 408 1356; x_wconf 81' lang='lat' dir='ltr'>vel,</span> <span class='ocrx_word' id='word_1_97' title='bbox 421 1297 443 1346; x_wconf 84' lang='lat' dir='ltr'>si</span> <span class='ocrx_word' id='word_1_98' title='bbox 454 1297 526 1357; x_wconf 76' lang='lat' dir='ltr'>riter,</span> <span class='ocrx_word' id='word_1_99' title='bbox 538 1313 615 1347; x_wconf 89' lang='lat' dir='ltr'>arma</span> <span class='ocrx_word' id='word_1_100' title='bbox 628 1307 752 1354; x_wconf 61' lang='lat' dir='ltr'>retamim·</span> 
     </span>
    </p>

    <p class='ocr_par' dir='ltr' id='par_1_17' title="bbox 58 1363 856 1429">
     <span class='ocr_line' id='line_1_17' title="bbox 58 1363 856 1429; baseline 0 -15"><span class='ocrx_word' id='word_1_101' title='bbox 58 1363 97 1414; x_wconf 74' lang='lat' dir='ltr'>m</span> <span class='ocrx_word' id='word_1_102' title='bbox 111 1363 179 1414; x_wconf 73' lang='lat' dir='ltr'>nisit</span> <span class='ocrx_word' id='word_1_103' title='bbox 189 1364 240 1415; x_wconf 76' lang='lat' dir='ltr'>bae</span> <span class='ocrx_word' id='word_1_104' title='bbox 251 1364 338 1425; x_wconf 82' lang='lat' dir='ltr'>venia,</span> <span class='ocrx_word' id='word_1_105' title='bbox 350 1364 374 1413; x_wconf 83' lang='lat' dir='ltr'>si</span> <span class='ocrx_word' id='word_1_106' title='bbox 384 1363 480 1414; x_wconf 75' lang='lat' dir='ltr'>viceris</span> <span class='ocrx_word' id='word_1_107' title='bbox 490 1363 556 1429; x_wconf 78' lang='lat' dir='ltr'>ipse,</span> <span class='ocrx_word' id='word_1_108' title='bbox 567 1365 699 1429; x_wconf 81' lang='lat' dir='ltr'>paciscar.</span> <span class='ocrx_word' id='word_1_109' title='bbox 807 1365 856 1416; x_wconf 90' lang='grc'>515</span> 
     </span>
    </p>

    <p class='ocr_par' dir='ltr' id='par_1_18' title="bbox 58 1430 675 1497">
     <span class='ocr_line' id='line_1_18' title="bbox 58 1430 675 1497; baseline 0.003 -16"><span class='ocrx_word' id='word_1_110' title='bbox 58 1432 157 1481; x_wconf 77' lang='lat' dir='ltr'>Paturz</span> <span class='ocrx_word' id='word_1_111' title='bbox 175 1440 203 1482; x_wconf 91' lang='lat' dir='ltr'>et</span> <span class='ocrx_word' id='word_1_112' title='bbox 215 1432 352 1482; x_wconf 84' lang='lat' dir='ltr'>adstrictis</span> <span class='ocrx_word' id='word_1_113' title='bbox 362 1431 448 1481; x_wconf 85' lang='lat' dir='ltr'>laxari</span> <span class='ocrx_word' id='word_1_114' title='bbox 460 1430 569 1482; x_wconf 79' lang='lat' dir='ltr'>vincula</span> <span class='ocrx_word' id='word_1_115' title='bbox 579 1432 675 1497; x_wconf 85' lang='lat' dir='ltr'>palmis</span> 
     </span>
    </p>

    <p class='ocr_par' dir='ltr' id='par_1_19' title="bbox 59 1499 760 1567">
     <span class='ocr_line' id='line_1_19' title="bbox 59 1499 760 1567; baseline 0.001 -18"><span class='ocrx_word' id='word_1_116' title='bbox 59 1501 186 1564; x_wconf 84' lang='lat' dir='ltr'>imperat.</span> <span class='ocrx_word' id='word_1_117' title='bbox 205 1501 267 1549; x_wconf 84' lang='lat' dir='ltr'>Heu</span> <span class='ocrx_word' id='word_1_118' title='bbox 281 1507 380 1566; x_wconf 83' lang='lat' dir='ltr'>quanto</span> <span class='ocrx_word' id='word_1_119' title='bbox 392 1499 487 1549; x_wconf 89' lang='lat' dir='ltr'>melius</span> <span class='ocrx_word' id='word_1_120' title='bbox 499 1499 542 1548; x_wconf 81' lang='lat' dir='ltr'>rel</span> <span class='ocrx_word' id='word_1_121' title='bbox 553 1500 637 1550; x_wconf 86' lang='lat' dir='ltr'>caede</span> <span class='ocrx_word' id='word_1_122' title='bbox 648 1506 760 1567; x_wconf 85' lang='lat' dir='ltr'>peracta</span> 
     </span>
    </p>

    <p class='ocr_par' dir='ltr' id='par_1_20' title="bbox 59 1567 657 1635">
     <span class='ocr_line' id='line_1_20' title="bbox 59 1567 657 1635; baseline 0 -17"><span class='ocrx_word' id='word_1_123' title='bbox 59 1569 177 1618; x_wconf 81' lang='lat' dir='ltr'>Parcere</span> <span class='ocrx_word' id='word_1_124' title='bbox 188 1569 312 1618; x_wconf 87' lang='lat' dir='ltr'>Romano</span> <span class='ocrx_word' id='word_1_125' title='bbox 324 1569 413 1633; x_wconf 91' lang='lat' dir='ltr'>potuit</span> <span class='ocrx_word' id='word_1_126' title='bbox 425 1567 535 1618; x_wconf 85' lang='lat' dir='ltr'>fortuna</span> <span class='ocrx_word' id='word_1_127' title='bbox 546 1569 657 1635; x_wconf 90' lang='lat' dir='ltr'>pudori;</span> 
     </span>
    </p>

    <p class='ocr_par' dir='ltr' id='par_1_21' title="bbox 58 1637 788 1705">
     <span class='ocr_line' id='line_1_21' title="bbox 58 1637 788 1705; baseline 0.007 -19"><span class='ocrx_word' id='word_1_128' title='bbox 58 1637 211 1687; x_wconf 83' lang='lat' dir='ltr'>Poenarum</span> <span class='ocrx_word' id='word_1_129' title='bbox 223 1643 374 1687; x_wconf 84' lang='lat' dir='ltr'>extremum</span> <span class='ocrx_word' id='word_1_130' title='bbox 387 1639 430 1687; x_wconf 90' lang='lat' dir='ltr'>cui</span> <span class='ocrx_word' id='word_1_131' title='bbox 442 1637 481 1699; x_wconf 85' lang='lat' dir='ltr'>fit,</span> <span class='ocrx_word' id='word_1_132' title='bbox 492 1637 564 1705; x_wconf 92' lang='lat' dir='ltr'>quod</span> <span class='ocrx_word' id='word_1_133' title='bbox 576 1644 667 1689; x_wconf 86' lang='lat' dir='ltr'>castra</span> <span class='ocrx_word' id='word_1_134' title='bbox 678 1646 788 1692; x_wconf 87' lang='lat' dir='ltr'>secutus</span> 
     </span>
    </p>

    <p class='ocr_par' dir='ltr' id='par_1_22' title="bbox 57 1705 857 1776">
     <span class='ocr_line' id='line_1_22' title="bbox 57 1705 857 1776; baseline 0.008 -20"><span class='ocrx_word' id='word_1_135' title='bbox 57 1705 99 1756; x_wconf 84' lang='lat' dir='ltr'>sit</span> <span class='ocrx_word' id='word_1_136' title='bbox 106 1707 211 1772; x_wconf 86' lang='lat' dir='ltr'>patriae</span> <span class='ocrx_word' id='word_1_137' title='bbox 217 1707 400 1774; x_wconf 80' lang='lat' dir='ltr'>Magnumque</span> <span class='ocrx_word' id='word_1_138' title='bbox 408 1707 504 1757; x_wconf 84' lang='lat' dir='ltr'>ducem</span> <span class='ocrx_word' id='word_1_139' title='bbox 510 1713 652 1776; x_wconf 87' lang='lat' dir='ltr'>totumque</span> <span class='ocrx_word' id='word_1_140' title='bbox 662 1715 796 1774; x_wconf 87' lang='lat' dir='ltr'>senatum,</span> <span class='ocrx_word' id='word_1_141' title='bbox 807 1711 857 1762; x_wconf 74' lang='grc'>520</span> 
     </span>
    </p>

    <p class='ocr_par' dir='ltr' id='par_1_23' title="bbox 58 1775 682 1843">
     <span class='ocr_line' id='line_1_23' title="bbox 58 1775 682 1843; baseline 0.006 -18"><span class='ocrx_word' id='word_1_142' title='bbox 58 1777 172 1843; x_wconf 72' lang='lat' dir='ltr'>Ignosci.</span> <span class='ocrx_word' id='word_1_143' title='bbox 191 1775 295 1826; x_wconf 86' lang='lat' dir='ltr'>Premit</span> <span class='ocrx_word' id='word_1_144' title='bbox 304 1775 349 1827; x_wconf 89' lang='lat' dir='ltr'>ille</span> <span class='ocrx_word' id='word_1_145' title='bbox 359 1792 456 1843; x_wconf 83' lang='lat' dir='ltr'>graves</span> <span class='ocrx_word' id='word_1_146' title='bbox 467 1777 608 1828; x_wconf 82' lang='lat' dir='ltr'>interritus</span> <span class='ocrx_word' id='word_1_147' title='bbox 617 1778 682 1841; x_wconf 87' lang='lat' dir='ltr'>iras,</span> 
     </span>
    </p>

    <p class='ocr_par' dir='ltr' id='par_1_24' title="bbox 57 1844 736 1914">
     <span class='ocr_line' id='line_1_24' title="bbox 57 1844 736 1914; baseline 0.006 -18"><span class='ocrx_word' id='word_1_148' title='bbox 57 1846 92 1896; x_wconf 86' lang='lat' dir='ltr'>Et</span> <span class='ocrx_word' id='word_1_149' title='bbox 102 1859 210 1896; x_wconf 88' lang='lat' dir='ltr'>secum:</span> <span class='ocrx_word' id='word_1_150' title='bbox 221 1844 369 1898; x_wconf 80' lang='lat' dir='ltr'>Romamne</span> <span class='ocrx_word' id='word_1_151' title='bbox 379 1857 462 1912; x_wconf 80' lang='lat' dir='ltr'>petes,</span> <span class='ocrx_word' id='word_1_152' title='bbox 470 1847 600 1914; x_wconf 76' lang='lat' dir='ltr'>pacisque</span> <span class='ocrx_word' id='word_1_153' title='bbox 611 1863 736 1910; x_wconf 84' lang='lat' dir='ltr'>recessus,</span> 
     </span>
    </p>

    <p class='ocr_par' dir='ltr' id='par_1_25' title="bbox 58 1912 667 1986">
     <span class='ocr_line' id='line_1_25' title="bbox 58 1912 667 1986; baseline 0.007 -22"><span class='ocrx_word' id='word_1_154' title='bbox 58 1912 203 1982; x_wconf 76' lang='lat' dir='ltr'>Degener?</span> <span class='ocrx_word' id='word_1_155' title='bbox 219 1916 251 1967; x_wconf 85' lang='lat' dir='ltr'>In</span> <span class='ocrx_word' id='word_1_156' title='bbox 264 1915 363 1966; x_wconf 80' lang='lat' dir='ltr'>medios</span> <span class='ocrx_word' id='word_1_157' title='bbox 373 1915 434 1967; x_wconf 81' lang='lat' dir='ltr'>belli</span> <span class='ocrx_word' id='word_1_158' title='bbox 444 1934 495 1968; x_wconf 86' lang='lat' dir='ltr'>non</span> <span class='ocrx_word' id='word_1_159' title='bbox 507 1915 667 1986; x_wconf 83' lang='lat' dir='ltr'>s&#39;refurares</span> 
     </span>
    </p>

    <p class='ocr_par' dir='ltr' id='par_1_26' title="bbox 57 1983 793 2052">
     <span class='ocr_line' id='line_1_26' title="bbox 57 1983 793 2052; baseline 0.01 -19"><span class='ocrx_word' id='word_1_160' title='bbox 57 1984 214 2035; x_wconf 82' lang='lat' dir='ltr'>Iamdudum</span> <span class='ocrx_word' id='word_1_161' title='bbox 226 1985 357 2036; x_wconf 86' lang='lat' dir='ltr'>moriture</span> <span class='ocrx_word' id='word_1_162' title='bbox 365 1987 468 2052; x_wconf 75' lang='lat' dir='ltr'>paras?</span> <span class='ocrx_word' id='word_1_163' title='bbox 484 1983 544 2038; x_wconf 85' lang='lat' dir='ltr'>Rus</span> <span class='ocrx_word' id='word_1_164' title='bbox 557 1996 656 2049; x_wconf 84' lang='lat' dir='ltr'>certus,</span> <span class='ocrx_word' id='word_1_165' title='bbox 668 1999 694 2039; x_wconf 84' lang='lat' dir='ltr'>et</span> <span class='ocrx_word' id='word_1_166' title='bbox 706 2005 793 2041; x_wconf 88' lang='lat' dir='ltr'>omnes</span> 
     </span>
    </p>

    <p class='ocr_par' dir='ltr' id='par_1_27' title="bbox 56 2051 857 2193">
     <span class='ocr_line' id='line_1_27' title="bbox 56 2051 857 2124; baseline 0.011 -23"><span class='ocrx_word' id='word_1_167' title='bbox 56 2051 137 2102; x_wconf 81' lang='lat' dir='ltr'>ereis</span> <span class='ocrx_word' id='word_1_168' title='bbox 149 2069 243 2118; x_wconf 83' lang='lat' dir='ltr'>rumpe</span> <span class='ocrx_word' id='word_1_169' title='bbox 254 2069 352 2115; x_wconf 85' lang='lat' dir='ltr'>moras,</span> <span class='ocrx_word' id='word_1_170' title='bbox 364 2064 391 2104; x_wconf 87' lang='lat' dir='ltr'>et</span> <span class='ocrx_word' id='word_1_171' title='bbox 404 2053 530 2106; x_wconf 82' lang='lat' dir='ltr'>Caesaris</span> <span class='ocrx_word' id='word_1_172' title='bbox 541 2055 633 2124; x_wconf 83' lang='lat' dir='ltr'>effuge</span> <span class='ocrx_word' id='word_1_173' title='bbox 643 2075 745 2110; x_wconf 76' lang='lat' dir='ltr'>saunas,</span> <span class='ocrx_word' id='word_1_174' title='bbox 807 2058 857 2110; x_wconf 78' lang='grc'>525</span> 
     </span>
     <span class='ocr_line' id='line_1_28' title="bbox 110 2119 738 2193; baseline 0.013 -23"><span class='ocrx_word' id='word_1_175' title='bbox 110 2119 225 2171; x_wconf 88' lang='lat' dir='ltr'>Nescius</span> <span class='ocrx_word' id='word_1_176' title='bbox 235 2123 342 2172; x_wconf 86' lang='lat' dir='ltr'>interea</span> <span class='ocrx_word' id='word_1_177' title='bbox 352 2125 426 2188; x_wconf 89' lang='lat' dir='ltr'>capti</span> <span class='ocrx_word' id='word_1_178' title='bbox 436 2123 522 2186; x_wconf 86' lang='lat' dir='ltr'>ducis,</span> <span class='ocrx_word' id='word_1_179' title='bbox 535 2139 610 2175; x_wconf 85' lang='lat' dir='ltr'>arma</span> <span class='ocrx_word' id='word_1_180' title='bbox 623 2127 738 2193; x_wconf 79' lang='lat' dir='ltr'>parabat</span> 
     </span>
    </p>

    <p class='ocr_par' dir='ltr' id='par_1_28' title="bbox 55 2188 831 2259">
     <span class='ocr_line' id='line_1_29' title="bbox 55 2188 831 2259; baseline 0.013 -22"><span class='ocrx_word' id='word_1_181' title='bbox 55 2188 182 2255; x_wconf 80' lang='lat' dir='ltr'>Magnus,</span> <span class='ocrx_word' id='word_1_182' title='bbox 192 2195 223 2239; x_wconf 90' lang='lat' dir='ltr'>ut</span> <span class='ocrx_word' id='word_1_183' title='bbox 232 2190 356 2240; x_wconf 88' lang='lat' dir='ltr'>immixto</span> <span class='ocrx_word' id='word_1_184' title='bbox 368 2190 489 2241; x_wconf 78' lang='lat' dir='ltr'>firmaret</span> <span class='ocrx_word' id='word_1_185' title='bbox 500 2192 600 2243; x_wconf 87' lang='lat' dir='ltr'>robore</span> <span class='ocrx_word' id='word_1_186' title='bbox 611 2202 711 2259; x_wconf 87' lang='lat' dir='ltr'>partes.</span> <span class='ocrx_word' id='word_1_187' title='bbox 818 2192 831 2202; x_wconf 80' lang='grc'>”</span> 
     </span>
    </p>

    <p class='ocr_par' dir='ltr' id='par_1_29' title="bbox 55 2258 703 2325">
     <span class='ocr_line' id='line_1_30' title="bbox 55 2258 703 2325; baseline 0.012 -19"><span class='ocrx_word' id='word_1_188' title='bbox 55 2258 167 2324; x_wconf 88' lang='lat' dir='ltr'>iamque</span> <span class='ocrx_word' id='word_1_189' title='bbox 179 2264 308 2308; x_wconf 87' lang='lat' dir='ltr'>secuturo</span> <span class='ocrx_word' id='word_1_190' title='bbox 319 2259 442 2310; x_wconf 88' lang='lat' dir='ltr'>iussurus</span> <span class='ocrx_word' id='word_1_191' title='bbox 456 2260 570 2310; x_wconf 87' lang='lat' dir='ltr'>classica</span> <span class='ocrx_word' id='word_1_192' title='bbox 580 2259 703 2325; x_wconf 89' lang='lat' dir='ltr'>Phoebo,</span> 
     </span>
    </p>

    <p class='ocr_par' dir='ltr' id='par_1_30' title="bbox 55 2324 643 2393">
     <span class='ocr_line' id='line_1_31' title="bbox 55 2324 643 2393; baseline 0.007 -18"><span class='ocrx_word' id='word_1_193' title='bbox 55 2324 268 2393; x_wconf 85' lang='lat' dir='ltr'>Tentandasque</span> <span class='ocrx_word' id='word_1_194' title='bbox 279 2331 356 2376; x_wconf 85' lang='lat' dir='ltr'>ratus</span> <span class='ocrx_word' id='word_1_195' title='bbox 367 2328 467 2376; x_wconf 88' lang='lat' dir='ltr'>moturi</span> <span class='ocrx_word' id='word_1_196' title='bbox 477 2329 568 2379; x_wconf 89' lang='lat' dir='ltr'>militis</span> <span class='ocrx_word' id='word_1_197' title='bbox 579 2330 643 2391; x_wconf 89' lang='lat' dir='ltr'>iras,</span> 
     </span>
    </p>

    <p class='ocr_par' dir='ltr' id='par_1_31' title="bbox 53 2394 858 2462">
     <span class='ocr_line' id='line_1_32' title="bbox 53 2394 858 2462; baseline 0.009 -17"><span class='ocrx_word' id='word_1_198' title='bbox 53 2394 215 2462; x_wconf 81' lang='lat' dir='ltr'>Adloquitur</span> <span class='ocrx_word' id='word_1_199' title='bbox 226 2396 326 2445; x_wconf 84' lang='lat' dir='ltr'>tacitas</span> <span class='ocrx_word' id='word_1_200' title='bbox 337 2395 492 2446; x_wconf 83' lang='lat' dir='ltr'>veneranda</span> <span class='ocrx_word' id='word_1_201' title='bbox 504 2412 572 2446; x_wconf 83' lang='lat' dir='ltr'>voce</span> <span class='ocrx_word' id='word_1_202' title='bbox 584 2395 725 2450; x_wconf 83' lang='lat' dir='ltr'>cohortes:</span> <span class='ocrx_word' id='word_1_203' title='bbox 807 2401 858 2452; x_wconf 77' lang='grc'>530</span> 
     </span>
    </p>

    <p class='ocr_par' dir='ltr' id='par_1_32' title="bbox 55 2461 716 2533">
     <span class='ocr_line' id='line_1_33' title="bbox 55 2461 716 2533; baseline 0.006 -19"><span class='ocrx_word' id='word_1_204' title='bbox 55 2461 80 2514; x_wconf 90' lang='lat'><em>0</em></span> <span class='ocrx_word' id='word_1_205' title='bbox 92 2465 220 2514; x_wconf 80' lang='lat' dir='ltr'>scelerum</span> <span class='ocrx_word' id='word_1_206' title='bbox 233 2466 341 2526; x_wconf 81' lang='lat' dir='ltr'>ultores,</span> <span class='ocrx_word' id='word_1_207' title='bbox 352 2465 515 2531; x_wconf 85' lang='lat' dir='ltr'>melioraque</span> <span class='ocrx_word' id='word_1_208' title='bbox 527 2466 605 2533; x_wconf 83' lang='lat' dir='ltr'>signa</span> <span class='ocrx_word' id='word_1_209' title='bbox 616 2469 702 2519; x_wconf 80' lang='lat' dir='ltr'>securi</span> <span class='ocrx_word' id='word_1_210' title='bbox 708 2488 716 2518; x_wconf 91' lang='grc'>.·</span> 
     </span>
    </p>

    <p class='ocr_par' dir='ltr' id='par_1_33' title="bbox 56 2530 730 2602">
     <span class='ocr_line' id='line_1_34' title="bbox 56 2530 730 2602; baseline 0.009 -20"><span class='ocrx_word' id='word_1_211' title='bbox 56 2530 153 2583; x_wconf 84' lang='lat' dir='ltr'>Orere</span> <span class='ocrx_word' id='word_1_212' title='bbox 164 2531 289 2585; x_wconf 80' lang='lat' dir='ltr'>Romanu</span> <span class='ocrx_word' id='word_1_213' title='bbox 301 2550 411 2586; x_wconf 70' lang='lat' dir='ltr'>ritanus:</span> <span class='ocrx_word' id='word_1_214' title='bbox 424 2534 517 2602; x_wconf 78' lang='lat' dir='ltr'>qra&#39;bus</span> <span class='ocrx_word' id='word_1_215' title='bbox 531 2552 608 2587; x_wconf 71' lang='lat' dir='ltr'>artua</span> <span class='ocrx_word' id='word_1_216' title='bbox 620 2548 730 2589; x_wconf 80' lang='lat' dir='ltr'>senatus</span> 
     </span>
    </p>

    <p class='ocr_par' dir='ltr' id='par_1_34' title="bbox 55 2600 690 2674">
     <span class='ocr_line' id='line_1_35' title="bbox 55 2600 690 2674; baseline 0.005 -22"><span class='ocrx_word' id='word_1_217' title='bbox 55 2600 113 2653; x_wconf 82' lang='lat' dir='ltr'>Noa</span> <span class='ocrx_word' id='word_1_218' title='bbox 120 2602 234 2669; x_wconf 79' lang='lat' dir='ltr'>privata</span> <span class='ocrx_word' id='word_1_219' title='bbox 246 2603 327 2666; x_wconf 79' lang='lat' dir='ltr'>dedit,</span> <span class='ocrx_word' id='word_1_220' title='bbox 338 2603 407 2655; x_wconf 82' lang='lat' dir='ltr'>sotis</span> <span class='ocrx_word' id='word_1_221' title='bbox 419 2605 551 2671; x_wconf 80' lang='lat' dir='ltr'>deposcite</span> <span class='ocrx_word' id='word_1_222' title='bbox 559 2623 690 2674; x_wconf 84' lang='lat' dir='ltr'>pugnam.</span> 
     </span>
    </p>

    <p class='ocr_par' dir='ltr' id='par_1_35' title="bbox 54 2669 667 2744">
     <span class='ocr_line' id='line_1_36' title="bbox 54 2669 667 2744; baseline 0.01 -23"><span class='ocrx_word' id='word_1_223' title='bbox 54 2669 159 2722; x_wconf 80' lang='lat' dir='ltr'>Ardent</span> <span class='ocrx_word' id='word_1_224' title='bbox 169 2671 297 2739; x_wconf 80' lang='lat' dir='ltr'>Hesperii</span> <span class='ocrx_word' id='word_1_225' title='bbox 307 2673 393 2725; x_wconf 82' lang='lat' dir='ltr'>saevis</span> <span class='ocrx_word' id='word_1_226' title='bbox 404 2675 576 2741; x_wconf 81' lang='lat' dir='ltr'>populatibus</span> <span class='ocrx_word' id='word_1_227' title='bbox 587 2677 667 2744; x_wconf 80' lang='lat' dir='ltr'>agri:</span> 
     </span>
    </p>

    <p class='ocr_par' dir='ltr' id='par_1_36' title="bbox 58 2739 856 2814">
     <span class='ocr_line' id='line_1_37' title="bbox 58 2739 856 2814; baseline 0.01 -23"><span class='ocrx_word' id='word_1_228' title='bbox 58 2739 166 2792; x_wconf 80' lang='lat' dir='ltr'>Gallica</span> <span class='ocrx_word' id='word_1_229' title='bbox 175 2758 227 2809; x_wconf 84' lang='lat' dir='ltr'>per</span> <span class='ocrx_word' id='word_1_230' title='bbox 234 2744 342 2811; x_wconf 78' lang='lat' dir='ltr'>gelidas</span> <span class='ocrx_word' id='word_1_231' title='bbox 354 2743 442 2794; x_wconf 83' lang='lat' dir='ltr'>rabies</span> <span class='ocrx_word' id='word_1_232' title='bbox 453 2741 609 2810; x_wconf 79' lang='lat' dir='ltr'>effimdr&#39;tar</span> <span class='ocrx_word' id='word_1_233' title='bbox 619 2745 716 2814; x_wconf 81' lang='lat' dir='ltr'>Alpes.-</span> <span class='ocrx_word' id='word_1_234' title='bbox 805 2747 856 2799; x_wconf 76' lang='grc'>535</span> 
     </span>
    </p>
   </div>
   <div class='ocr_carea' id='block_1_3' title="bbox 0 0 994 3074">
    <p class='ocr_par' dir='ltr' id='par_1_37' title="bbox 0 0 994 3074">
     <span class='ocr_line' id='line_1_38' title="bbox 0 0 994 3074; baseline 0 1"><span class='ocrx_word' id='word_1_235' title='bbox 0 0 994 3074; x_wconf 95' lang='lat' dir='ltr'> </span> 
     </span>
    </p>
   </div>
  </div>
 </body>
</html>
