1980 3074
169 123 219 171 240
340 118 378 168 Μ.
413 114 515 167 ANN.
551 114 733 170 [sucino

169 238 313 291 Sumturus
324 250 428 303 poenas
440 242 467 285 et
478 240 558 301 grata
568 232 676 299 piacula
686 236 781 301 morti,

168 309 354 373 Missurusque
365 306 450 366 tuum,
461 303 547 354 sinon
558 302 613 353 sint
621 301 679 355 teia
688 319 738 356 nec
746 305 837 375 ignes,

170 379 198 428 in
205 373 330 436 famulos,
337 372 505 433 Ptolemaeo,
516 375 607 438 caput.
619 368 665 422 Sic
671 371 791 426 barbara
796 374 910 429 colchis

108 447 159 498 465
171 444 305 507 Creditur,
315 441 432 493 ultorem
441 445 564 491 metuens
576 440 707 508 regnique
716 440 865 513 iugasque,

170 515 241 567 Ense
252 526 302 565 suo
313 509 459 577 fratrisque
469 507 549 560 simul
560 508 667 561 cervice
679 516 778 577 parata

169 584 353 649 Exspectasse
363 584 478 647 patrem.
498 578 808 644 cogunttamenultima
816 594 910 635 rarum

170 651 252 720 Spem
264 648 338 717 pacis
350 652 458 699 tentare
469 644 580 696 ducem:
597 645 751 716 nussusque
760 647 875 703 saona

169 720 279 789 Regius,
290 722 322 768 ut
331 731 428 767 saevos
439 714 560 767 absentis
571 728 640 765 roco
651 716 762 782 tyranni

109 793 161 841 tro
172 789 329 853 corriperet
334 783 460 846 famulos,
466 798 520 851 quo
526 781 626 834 bellum
636 789 900 839 auetoremorercnt

171 856 226 909 Sed
236 868 324 922 neque
332 853 376 903 ius
386 851 479 903 mundi
490 850 584 913 valuit,
595 865 648 903 nec
656 849 774 907 ioedera
781 860 882 909 sancta

171 923 318 978 Gentibus:
339 926 434 972 orator
444 921 517 988 regis
529 919 683 988 pacisques
737 928 814 975 uter

169 992 302 1046 Aestimat
310 990 339 1040 iu
350 1004 462 1040 numero
474 988 607 1040 scelerum
618 1004 708 1057 ponsa
753 997 875 1055 morunt,

170 1064 227 1114 Tot
241 1059 370 1112 monstris
386 1059 510 1126 Aegypte
531 1072 642 1110 nocens.
655 1058 735 1181 elilion
756 1056 893 1113 Thantia

110 1202 160 1253 475
171 1200 312 1267 Vastaque
323 1212 408 1264 regna
413 1194 506 1257 lubae,
516 1210 570 1246 non
578 1196 691 1261 Pontus,
702 1198 823 1265 etimpia
831 1198 909 1267 signa

170 1267 330 1327 Pharnacis,
343 1272 371 1316 et
380 1263 470 1332 gelido
483 1263 656 1317 circumfluus
668 1266 745 1318 orbis
755 1266 837 1321 ibero

171 1340 292 1389 Tantum
312 1350 393 1386 ausus
414 1332 556 1395 scelerum,
575 1349 629 1385 non
646 1332 736 1402 Syrtis
753 1334 884 1399 nuum

171 1474 294 1528 Deliciae
307 1471 398 1523 iecere
409 1477 482 1522 tuae.
509 1470 613 1521 Premit
623 1410 862 1540 migramus-r,

171 1546 257 1612 inque
273 1542 383 1592 domum
398 1540 451 1590 iam
463 1538 520 1590 tela
535 1538 645 1603 cadunt,
661 1548 845 1611 quassantque
859 1556 907 1611 pe-
974 1560 980 1571 ·

644 1615 732 1662 nates.

112 1684 162 1733 tto
173 1680 234 1732 Non
246 1678 317 1729 aries
326 1692 380 1728 uno
392 1683 515 1727 moturus
526 1675 618 1727 iimina
629 1676 717 1745 puisu,

172 1745 505 1812 Fracturusquedomum3
524 1744 909 1801 nonullaestmacitinabeiiir

174 1816 232 1869 Nec
242 1814 357 1865 ilammis
369 1813 514 1865 mandatur
525 1828 606 1881 opusr
625 1814 674 1867 sad
685 1830 772 1869 caeca
781 1816 908 1871 inventus

175 1883 293 1946 Consilii,
304 1889 397 1935 vastos
408 1882 494 1933 ambit
502 1881 607 1935 divulsa
616 1890 740 1949 penates,

173 1957 211 2007 Et
220 1967 352 2020 nusquam
362 1951 427 2003 totis
438 1952 560 2003 incursat
569 1951 670 2005 viribus
680 1968 788 2022 agmen.

114 2025 164 2077 485
176 2025 246 2078 Fata
256 2027 359 2084 vetant,
370 2021 494 2089 murique
504 2020 592 2071 ricem
600 2022 726 2075 Fortuna
735 2028 840 2075 tuntum

173 2092 287 2146 Necnon
298 2096 327 2143 et
336 2089 440 2142 ratuinus
450 2094 573 2141 tentatur
582 2092 667 2160 regia,
677 2107 733 2161 qua
740 2106 772 2145 se

174 2160 294 2216 Protulit
303 2161 330 2211 in
340 2159 446 2211 nredios
456 2157 554 2210 audaci
563 2161 685 2229 stargina
695 2159 796 2213 ilucnas

174 2231 333 2284 Luxuriosa
344 2229 448 2280 domus.
477 2225 533 2279 Sed
543 2227 621 2281 adest
632 2228 761 2282 defensor
769 2228 873 2300 ultique

178 2303 287 2362 Cacsar,
300 2296 390 2350 ethos
401 2296 477 2349 aditu
489 2294 596 2365 gladiis,
606 2294 656 2350 hos
666 2297 775 2367 ignrirus
787 2305 880 2353 arcete

113 2371 164 2423 eto
177 2370 363 2435 Obsessusque
375 2366 446 2435 gerit
457 2370 547 2429 (tanta
556 2373 599 2418 est
608 2367 765 2419 constantia
771 2370 890 2433 mentis)

175 2435 364 2507 Expugnantis
376 2450 453 2503 opus.
482 2434 565 2486 Piceo
576 2435 653 2488 iubet
661 2436 783 2505 unguine
792 2436 896 2489 noctu

175 2505 332 2575 Lampadas
343 2503 453 2557 immitti
461 2503 562 2555 iunctis
572 2505 601 2556 in
610 2504 673 2558 vela
681 2506 790 2558 cannis.

174 2576 234 2630 Nec
244 2576 321 2644 piger
331 2574 401 2642 ignis
413 2578 474 2624 erat
482 2585 533 2640 per
544 2579 662 2643 stuppea
675 2574 794 2637 muenia,
808 2587 916 2643 perque

175 2645 318 2696 Manantes
330 2656 394 2694 cern
403 2639 523 2693 tabulasr
542 2648 570 2694 et
579 2647 703 2711 tempore
714 2642 812 2695 eodem
