1980 3074
205 212 493 296 Prinassum.
529 212 726 265 mavul.
784 215 832 263 ist

99 330 420 383 Nominishaudmotuist
437 332 695 400 coeloquetonante‚
702 331 832 398 profanas

99 402 247 452 inseruisse
258 416 363 462 manus,
373 402 487 466 impure,
499 415 531 450 ac
542 402 659 463 semivir,
670 399 770 451 audeat

98 467 160 521 Non
172 469 290 519 domitor
301 469 403 530 mundi,
414 483 464 519 nec
474 475 517 520 ter
528 469 663 535 Capitolia
672 485 753 519 curru

100 539 234 600 invectus,
246 552 394 605 regumque
405 544 512 602 potens,
523 537 675 604 vindexque
685 544 805 600 senatus,

100 606 272 673 Victorisque
285 620 380 672 gener:
399 603 500 656 Phario
512 606 578 656 satis
588 620 648 656 esse
659 611 777 671 tyranno
842 607 892 656 555

100 675 179 736 Quod
190 680 308 741 poterat,
315 674 452 724 Romanus
459 679 527 725 erat.
550 674 833 735 Quidvisceranostra

99 741 236 794 Scrutaris
247 740 355 809 gladios
373 740 478 805 Nescis,
489 757 558 810 puer
566 742 700 809 improbe,
711 744 809 804 noscis,

100 812 161 872 Quo
172 817 221 861 tua
231 812 268 861 sit
277 811 400 862 Fortuna
409 812 487 862 loco:
505 814 560 862 iem
569 812 628 862 iure
637 812 696 861 sine
705 811 761 862 ullo

98 879 152 930 Nili
163 885 274 947 sceptra
283 885 374 939 tenes:
393 880 493 931 cecidit
504 880 626 931 civilibus
638 881 729 942 amris,

100 949 152 1008 Qui
162 949 211 998 tihi
222 963 307 1015 regua
316 948 402 1000 dedis
841 951 891 1000 56⁰

427 1019 484 1067 lam
496 1024 577 1068 vento
588 1018 648 1068 vela
660 1023 774 1086 negarat

98 1087 223 1153 Magnus,
234 1092 263 1136 et
273 1086 373 1136 auxilio
383 1101 520 1137 remorum
529 1086 641 1137 infanda
651 1087 764 1154 petebat

97 1154 207 1204 Litora:
228 1169 308 1221 quem
320 1161 424 1216 contra,
434 1170 489 1205 non
500 1155 582 1222 longa
591 1163 672 1206 vecta
679 1156 786 1217 biremi,

97 1223 245 1289 Adpulerat
255 1222 390 1274 scelerata
399 1238 507 1274 manus:
526 1224 682 1290 Magnoque
692 1231 787 1289 patere

96 1291 215 1357 Fingens
226 1305 312 1356 regna
320 1288 411 1352 Phari,
425 1291 514 1342 celsae
525 1291 559 1340 de
570 1306 659 1356 puppe
670 1293 778 1342 carinae

97 1359 126 1408 ln
138 1373 250 1425 parvam
259 1358 336 1408 iubet
345 1358 384 1409 ire
397 1365 493 1420 ratem,
503 1359 620 1426 litusque
632 1359 777 1426 malignum
841 1361 891 1411 555

96 1428 215 1487 incusat,
225 1425 411 1494 himsuomque
420 1428 496 1478 rudis
507 1425 695 1494 frangentibus
706 1434 820 1490 aestum,

98 1498 151 1558 Qui
160 1500 236 1546 vetet
245 1501 372 1546 externas
382 1496 463 1546 tonis
473 1495 616 1545 advertere
627 1494 736 1546 classes.

98 1565 177 1626 Quod
189 1564 241 1614 nisi
251 1563 371 1615 satorum
382 1563 466 1632 leges,
476 1565 633 1631 intentoque
643 1563 718 1614 iussu

96 1634 205 1684 Ordinis
217 1633 319 1684 aeterni
332 1634 448 1684 miserae
458 1633 557 1685 ricinia
567 1634 663 1684 mortis

96 1704 262 1754 Damnatum
272 1701 328 1753 loto
340 1700 481 1754 traherent
491 1702 526 1753 sd
536 1701 617 1754 litora
627 1703 771 1770 Magnum
840 1704 890 1752 510

95 1770 157 1823 Non
168 1772 216 1823 ulli
226 1772 356 1823 comitum
366 1771 478 1824 sceleris
488 1771 632 1840 praesagia
641 1771 764 1823 deerunt.

97 1843 212 1907 (troppo,
224 1841 292 1892 fides
303 1841 326 1892 si
336 1856 406 1908 pura
416 1839 498 1904 foret,
510 1841 533 1892 si
544 1842 621 1910 regia
631 1842 744 1910 Magno,

96 1908 272 1975 Sceptrorum
284 1912 400 1972 auctori,
411 1925 476 1962 vera
486 1911 588 1976 pietate
598 1915 716 1977 pateret,

96 1977 246 2028 Venturum
257 1984 318 2028 tota
327 1977 456 2029 Pharium
467 1994 528 2029 cum
540 1980 627 2031 classe
638 1985 792 2045 tyrannum.

96 2043 150 2095 Scd
163 2046 236 2096 cedit
245 2045 319 2107 fatis,
330 2047 498 2115 classemque
509 2048 662 2166 relinpuere
671 2048 760 2099 iussus
839 2048 889 2097 515

97 2112 270 2178 Obsequitur‚
282 2113 419 2180 letumque
428 2116 505 2166 iuvat
514 2130 579 2182 prae
593 2130 654 2167 erre
664 2117 764 2167 umori.

97 2180 157 2230 ibat
167 2182 194 2229 in
207 2177 331 2230 hostilem
344 2196 475 2248 praeceps
486 2183 611 2234 Cornelio
621 2185 741 2251 puppim,

98 2249 159 2298 Hoc
170 2249 255 2314 magis
265 2249 410 2312 impatiens
421 2264 532 2317 egresso
543 2251 639 2302 deesse
651 2253 759 2315 morito,

97 2317 177 2378 Quod
188 2317 286 2367 metuit
296 2316 395 2367 clades.
414 2316 542 2381 Reersone,
552 2319 697 2371 temeraria
709 2320 833 2384 coniunx,

96 2386 135 2438 Et
146 2396 185 2448 tu,
197 2395 269 2447 nate,
277 2400 384 2451 precor,
396 2387 526 2454 longeque
537 2404 551 2438 s
562 2387 642 2439 litore
654 2404 732 2440 casus
838 2391 888 2442 580

95 2455 260 2523 Exspectate
272 2470 356 2506 rocos:
375 2464 402 2505 et
412 2454 441 2506 in
451 2453 502 2507 hac
512 2454 615 2508 cervice
633 2457 744 2524 tyranni

93 2523 246 2591 Explorate
249 2523 343 2593 fidem,
354 2524 429 2574 dixit.
449 2522 504 2576 Sed
515 2525 583 2576 dura
594 2527 697 2577 vetanti

94 2594 238 2645 Tendebat
249 2595 371 2661 geminus
381 2609 475 2645 amens
487 2594 613 2646 Cornelia
623 2595 740 2663 palmas:

96 2659 155 2721 Quo
166 2664 223 2716 sins
234 2680 283 2724 me,
294 2663 418 2725 crudetis,
429 2663 506 2714 abis!
535 2665 671 2718 {teruntur
682 2663 756 2717 selim
808 2681 819 2704 r

96 2729 382 2784 'l'hessals'cs'ssuhmota
392 2731 491 2783 malis?
510 2732 740 2800 Numquamomim
