1980 3074
208 122 258 171 246
334 123 506 174 CARMEN
538 124 587 174 AD
617 122 818 175 Plsoduar.

210 239 325 291 Pulcher
335 239 431 303 honos,
445 250 472 290 et
483 242 564 308 digna
575 244 629 292 suis
641 241 775 293 natalibus
788 257 847 292 ora.

206 309 321 360 Additur
332 306 385 360 huc
397 316 426 360 et
435 311 507 360 iusta
517 311 594 371 fides,
606 316 633 360 et
645 309 725 377 plena
735 310 850 377 pudoris

165 378 197 427 95
209 378 345 441 Libertas,
358 379 515 445 animusque
527 379 600 429 rnala
609 377 746 446 ferrugine
757 395 858 446 purast

208 447 324 514 ipsaque
334 461 461 514 possesso
471 462 547 498 meris
558 453 600 497 est
610 447 763 513 opulentior
774 464 854 499 aruo.

210 516 276 576 Quis
288 523 336 565 tua
347 515 490 576 cultorum,
500 517 603 567 iuvenis
613 515 740 579 facunde,
749 522 861 568 tuorum

208 585 317 634 Limina
327 599 430 651 pauper
441 585 505 646 adit,
519 599 599 651 quenl
608 601 663 635 non
674 585 922 639 amorosabaatuns

210 654 328 719 Excipit,
341 659 368 703 et
378 652 468 703 subito
480 655 555 703 iuvat
564 653 733 721 indulgentia
742 653 844 705 censu!

149 723 199 770 10⁰
213 722 346 788 Quodque
357 723 443 789 magis
456 722 528 772 dono
539 720 623 773 fuerit
632 723 779 789 pretiosius
789 725 875 786 omni,

210 790 307 856 Diligis
319 805 353 841 ex
365 804 465 857 aequo:
484 807 535 841 nee
546 798 574 843 te
584 792 707 842 Fortuna
716 791 847 843 clientum

211 857 356 909 Natalesre
367 865 489 909 movent:
509 861 630 926 probitas
641 861 820 926 spectaturin
828 860 894 912 illis.

210 926 290 977 Nulla
301 927 480 992 superborum
493 930 632 995 patiuntur
642 929 717 979 dieta
725 929 867 980 iocorunnx

210 995 314 1046 Nullius
325 996 429 1047 subitos
441 996 531 1047 adfert
541 999 639 1049 iniuria
649 1000 726 1048 risus.

149 1066 200 1116 toa
212 1065 286 1116 Unus
297 1066 433 1116 amicitiae
444 1082 564 1117 summos
573 1072 653 1117 tenor
664 1066 756 1127 ambit,
768 1072 796 1118 et
805 1067 886 1117 imos.

211 1134 284 1186 Rara
294 1135 390 1185 donnus
402 1140 509 1185 tenuent
520 1152 573 1185 non
585 1141 746 1202 aspernatur
755 1134 883 1198 amicum,

211 1204 337 1272 Raraque
347 1220 401 1254 non
413 1202 539 1254 hunnileru
552 1203 641 1254 calcat
650 1203 756 1254 saetosa
766 1203 904 1257 clientem.

211 1272 278 1334 illic,
290 1279 368 1324 casta
377 1273 443 1322 licet
453 1288 529 1323 nrens
541 1279 568 1323 et
578 1273 635 1323 sine
646 1273 758 1322 crimine
769 1276 879 1323 constet

211 1342 285 1404 Vita,
296 1350 387 1392 tannen
399 1341 521 1407 probitas
532 1357 592 1391 cunr
604 1346 767 1407 paupertate
776 1340 887 1391 iacebit.

154 1412 201 1461 110
209 1408 263 1461 Sed
273 1412 353 1461 lateri
364 1410 451 1461 nullus
463 1411 589 1460 comiteur
597 1410 765 1461 circumdare
772 1408 886 1477 quaesit,

213 1480 443 1546 Quemdatpurus
450 1478 583 1541 annonsed
591 1494 669 1545 quem
676 1478 950 1544 antumpnum,

211 1547 269 1598 Nec
282 1549 422 1615 quisquam
432 1563 498 1599 vcro
510 1548 626 1613 pretium
637 1547 752 1614 largitur
763 1548 860 1608 antico,

213 1617 300 1676 Quem
310 1625 390 1683 regat
402 1631 436 1666 ex
451 1631 547 1683 aequo,
560 1614 879 1683 vicibusqueregaturab
888 1614 950 1667 illos

213 1683 267 1734 Sed
278 1686 405 1734 nriserunr
418 1699 502 1749 parra
512 1685 583 1751 stipe
596 1692 729 1746 munerat,
736 1691 767 1735 ut
776 1684 950 1751 pudibundos

154 1753 201 1803 tta
212 1754 350 1803 Exereere
361 1753 432 1802 sales
443 1754 514 1804 inter
525 1755 649 1804 conriria
659 1754 753 1821 possit

211 1823 268 1872 lata
279 1821 374 1887 procul
385 1820 470 1883 labes,
481 1822 576 1886 procul
587 1819 655 1873 haec
666 1823 788 1873 Fortuna
799 1822 913 1891 resurgit,

212 1891 285 1952 Piso,
297 1897 381 1952 tuam,
392 1891 555 1951 venerande,
566 1890 690 1941 domums
708 1896 747 1952 tu,
758 1891 834 1943 mitis
844 1896 875 1943 et
884 1890 940 1943 aerl

212 1960 364 2026 Asperitate
375 1974 479 2021 carens,
491 1960 634 2027 positoque
644 1974 694 2026 per
705 1959 889 2025 omnlalastrn

213 2030 287 2080 inter
297 2034 327 2079 ut
338 2028 465 2094 aequales
477 2044 545 2079 unus
557 2029 708 2081 numeraris
720 2028 840 2080 anticos:

152 2099 202 2146 tao
215 2098 434 2165 obsequiumque
441 2097 533 2159 doces,
546 2094 951 2166 etamoremquaerlsamando.

213 2169 317 2218 Cuncta
328 2166 424 2217 donnus
435 2168 512 2217 rania
522 2165 657 2217 cultorum
669 2172 800 2233 personat
809 2172 881 2229 arte,

213 2235 550 2287 Cunctamovetstudiumz
560 2251 611 2287 nec
617 2235 742 2287 enimtilri
747 2233 818 2287 (lura
822 2234 953 2287 edentum

214 2305 308 2357 'l'urba
316 2305 425 2356 rudisve
436 2305 535 2371 placet,
547 2305 647 2356 misero
658 2319 729 2372 quae
737 2303 811 2355 freta
820 2303 918 2355 labore

210 2375 255 2425 Nil
266 2376 318 2426 nisi
329 2379 465 2425 summoto
475 2374 551 2424 novit
562 2374 729 2439 praecedere
740 2373 835 2441 vulgat

154 2444 204 2496 {aa
215 2443 270 2496 Sed
282 2445 367 2495 virtus
378 2457 524 2494 numerosa
533 2442 617 2493 iuvat.
636 2443 680 2493 Tu
691 2442 829 2510 pronusin
837 2454 922 2493 ome

211 2513 332 2565 Pectora
342 2512 419 2563 ducis
431 2527 509 2579 opus,
519 2526 568 2562 seu
579 2517 607 2562 te
617 2512 745 2580 graviora
754 2514 901 2574 vocarant,

212 2583 267 2634 Seu
277 2582 496 2635 levioraiuvant:
517 2596 567 2632 nec
579 2581 649 2632 enlm
659 2580 789 2632 facundia
799 2592 911 2647 semper

214 2653 334 2702 Adducta
349 2665 409 2701 cunr
422 2649 513 2699 fronte
525 2648 629 2715 placet:
649 2666 698 2702 nec
710 2664 819 2716 semper
828 2649 858 2700 ln
869 2648 956 2701 amis
