1980 3074
185 379 440 444 INCER'l'l
499 381 807 446 AUCTORIS

468 499 522 550 An

102 599 544 684 CALPURNIUM
588 600 887 686 PISONEM

312 741 678 807 rouulrrou

223 873 360 910 LUCANO
392 874 504 911 vunnu
532 875 767 914 Anscnrr'wu,

422 1007 578 1014 ——ffl

100 1089 186 1171 [lude
198 1115 271 1181 prius
283 1114 371 1178 ccepti
382 1119 477 1181 surgat
488 1111 552 1162 mihi
563 1115 688 1163 carminis
700 1115 776 1175 ordo,

99 1187 207 1247 Quosve
224 1197 319 1233 canam
334 1181 438 1242 titulos,
455 1180 551 1231 dubius
566 1179 649 1298 lleror.
683 1182 754 1230 ilinc
773 1188 828 1242 tua,

592 1264 642 1310 rso,

98 1321 241 1381 Nobilitas,
253 1320 407 1386 veterisque
418 1318 504 1367 citant
513 1316 638 1367 sublimia
650 1317 725 1382 Calpi

97 1388 223 1450 Nomina,
231 1387 368 1438 Romanas
377 1387 449 1436 inter
459 1383 591 1453 fulgentia
601 1394 710 1453 gentes:

97 1460 170 1510 Hinc
181 1464 229 1509 tue
239 1471 282 1507 me
292 1457 377 1506 virtus
388 1455 468 1520 rapit,
479 1460 507 1504 et
516 1453 640 1504 miranda
650 1469 699 1519 per
709 1469 802 1505 omues
873 1458 888 1505 5

97 1528 163 1580 vita
173 1525 283 1576 modos:
304 1540 382 1591 quac,
392 1524 415 1574 si
427 1522 536 1573 deesset
545 1523 594 1572 tibi
604 1520 676 1573 forte
689 1529 781 1574 creato

96 1595 229 1647 Nobilitas
241 1593 335 1644 eadem
347 1607 396 1659 pro
409 1590 550 1642 nobilitate
561 1589 664 1642 fuisset.

96 1664 166 1716 Nam
178 1663 241 1732 quid
251 1660 420 1730 imaginibus,
432 1659 494 1727 quid
505 1660 583 1711 avitis
594 1659 663 1711 fulta
673 1659 814 1727 triumphis

95 1734 178 1794 Atria,
190 1731 253 1800 quid
264 1731 334 1797 pleni
344 1745 488 1781 numeroso
499 1727 609 1781 consule
619 1728 683 1782 festi

95 1800 260 1863 Profuerint,
271 1801 294 1850 si
303 1801 360 1850 rita
368 1796 460 1850 labatl
478 1799 555 1849 Perit
565 1799 652 1849 omnis
661 1800 688 1849 in
698 1799 745 1849 illo
858 1803 889 1849 10

96 1869 244 1929 Nobilitas,
256 1868 332 1919 cuius
343 1867 401 1918 laus
413 1873 455 1917 est
465 1867 492 1916 in
503 1867 607 1934 origine
617 1867 684 1919 cola.

97 1936 187 1997 Felix,
200 1937 245 2003 qui
255 1937 338 1986 tantis
350 1936 467 1985 animum
478 1934 612 1987 natalibus
624 1951 733 2003 aequas,

96 2006 134 2056 Et
143 2010 249 2071 partem
259 2003 339 2065 tituli,
350 2018 403 2053 non
414 2018 544 2054 sumniam
555 2005 634 2070 ponis
643 2004 670 2054 in
681 2004 744 2055 illis:

100 2074 161 2139 lpse
173 2071 309 2123 canendus
319 2071 380 2121 eric.
396 2069 465 2121 Nam
481 2072 543 2140 quid
555 2087 706 2123 memorare
718 2088 829 2124 necesse

563 2147 614 2203 eet,

96 2211 133 2262 Ut
142 2209 238 2259 domus
249 2224 266 2258 a
277 2206 360 2274 Calpo
373 2223 470 2260 nomen
479 2209 624 2275 Calpurnia
633 2207 729 2271 ducat3
855 2209 888 2257 15

96 2279 177 2329 Clara
196 2291 230 2327 ue
240 2275 347 2327 Pisonis
359 2277 450 2328 tulerit
462 2279 624 2345 cognomina
634 2276 729 2341 prima,

94 2293 217 2399 Humilc
226 2345 329 2397 callosa
340 2361 400 2397 curn
410 2346 531 2413 pinceret
541 2344 645 2396 hordea
654 2344 767 2396 dextr-al

94 2415 153 2468 Nec
164 2417 187 2466 si
198 2421 296 2466 cuncta
304 2414 392 2478 velim,
404 2414 523 2466 breviter
533 2413 678 2465 decurrere
688 2414 803 2480 possim.

95 2486 133 2536 Et
145 2486 219 2551 prius
231 2481 369 2537 aetheriae
380 2485 465 2535 moles
476 2483 649 2550 circumvaga
660 2480 785 2533 flammae

96 2554 190 2604 Annua
199 2552 240 2604 bis
251 2555 323 2606 seuic
333 2552 475 2605 revocabit
484 2551 620 2602 mensibus
632 2555 715 2613 astru,
855 2554 888 2601 2⁰

97 2621 184 2682 Quum
194 2621 259 2672 mihi
271 2624 422 2689 priscorum
432 2619 526 2671 titulos
537 2633 706 2686 operosaque
716 2618 787 2670 bella
