1980 3074
171 189 204 238 58
337 189 375 241 Μ.
411 187 512 238 ANN.
548 186 728 238 Lucnn'l

170 307 292 357 Abscidit
301 306 419 372 impulsu
430 314 572 355 ventorum
585 305 679 355 adiuta
689 312 821 369 vetustas,

171 377 283 443 Frangit
294 379 394 424 cuncta
403 388 497 425 rueme
508 388 559 423 neo
570 380 676 424 tantum
686 389 804 442 corpora
813 391 910 442 pressa

173 444 330 494 Exanimat:
342 448 417 493 totos
428 456 490 492 ourn
500 442 630 508 sanguine
642 442 757 509 dissipat
768 450 852 495 artus.

171 514 206 562 Ut
218 519 309 561 tamen
322 509 435 560 hostiles
446 510 532 560 densa
542 509 678 560 testudine
689 525 782 562 muros

111 581 161 629 415
172 583 261 630 'reeta
271 579 343 630 subit
353 580 448 639 virtus,
460 579 596 645 armisque
605 578 706 630 innexa
717 581 823 646 priores

171 653 254 700 Arma
263 648 368 710 ferunt,
382 646 541 714 galeamque
552 652 678 697 extentam
688 650 809 716 protegit
818 650 912 714 umbo,

173 720 249 779 Quae
261 719 335 784 prius
345 729 380 766 ex
390 715 472 781 longo
483 721 636 766 nocuerunt
646 716 729 766 missa
738 731 858 778 recessu,

171 788 227 837 lam
241 791 304 850 post
313 791 392 850 terga
399 784 513 834 eadunt:
525 797 576 834 neo
583 782 674 834 Graiis
681 782 912 849 flectereiootum,

172 858 225 906 Aut
235 853 322 905 facilis
332 852 410 903 labor
421 857 464 902 est
474 852 621 919 longinqua
632 851 666 902 ad
677 851 733 903 tola
742 865 832 920 parati

113 925 164 974 480
175 923 318 973 Tormenti
329 927 436 971 mutare
446 921 569 971 modum:
586 919 634 971 sed
646 921 768 987 pondere
779 921 838 973 soio

120 1026 124 1032 -
174 991 310 1052 Contenti,
320 988 399 1039 nudis
410 987 538 1039 evolvunt
547 1002 615 1039 saxa
624 988 743 1041 lacertis.

174 1060 246 1110 Dum
256 1058 308 1108 suit
320 1072 456 1108 armormn
468 1057 562 1119 series,
575 1061 606 1106 ut
618 1057 749 1124 grandine
760 1065 836 1110 tecta

174 1129 295 1178 innocua
303 1140 435 1192 pereussa
444 1131 551 1187 sonant,
562 1126 602 1175 sio
613 1127 704 1177 omnia
713 1126 770 1178 tela

174 1197 300 1262 Respuit:
317 1201 346 1245 at
356 1199 500 1261 postquam
509 1194 596 1243 virtus
605 1194 719 1246 incensa
728 1197 849 1246 virorum

113 1267 163 1318 485
175 1265 340 1331 Perpetuam
351 1263 424 1329 rupit
434 1261 543 1313 defesso
553 1261 638 1313 milite
649 1269 762 1327 cratem,

174 1332 286 1401 Singula
297 1333 432 1382 continuis
443 1337 584 1382 cesserunt
592 1331 692 1382 ictibus
703 1347 787 1384 arma.

174 1404 252 1452 Tuno
263 1401 397 1469 adoperta
406 1399 459 1451 levi
468 1399 595 1465 procedit
602 1401 682 1451 vinea
693 1408 776 1462 terra,

174 1471 229 1522 Sub
242 1472 317 1521 cuius
327 1470 436 1536 pluteis,
447 1475 475 1519 et
486 1475 561 1519 tecta
570 1467 661 1520 fronte
671 1469 789 1520 latentes

172 1539 263 1591 Moliri
275 1554 345 1588 nuno
354 1539 412 1589 ima
421 1548 528 1603 parant,
538 1544 567 1587 et
575 1543 682 1588 vertere
693 1538 767 1589 ferro

113 1610 164 1660 490
174 1609 297 1673 Moenia:
308 1622 378 1656 nuno
391 1607 461 1655 aries
473 1620 605 1672 suspenso
615 1606 714 1657 tortior
723 1608 781 1658 iota

173 1677 299 1726 incussus
309 1674 386 1724 densi
397 1688 557 1740 compagem
569 1673 675 1724 solvero
685 1677 756 1726 muri

174 1746 285 1804 Tentat,
295 1749 324 1793 et
332 1743 369 1791 im
390 1741 468 1791 oritis
477 1755 559 1791 unum
569 1741 721 1794 subducere
732 1745 813 1795 saxis.

174 1811 227 1861 Sed
239 1825 321 1877 super
331 1816 360 1860 et
369 1757 493 1870 danrmis,
505 1815 533 1858 et
543 1824 658 1877 magnae
669 1811 802 1879 fragmine
813 1814 905 1879 molis,

175 1881 210 1929 Et
221 1878 331 1929 sudibus
343 1876 455 1936 crebris,
466 1883 494 1927 et
505 1877 595 1928 adusti
605 1879 712 1930 roboris
722 1881 779 1931 ictu

112 1948 164 1998 toa
176 1948 327 1998 Percussae
338 1945 439 1995 cedunt
450 1952 548 2007 crates,
560 1945 716 2015 frustraque
725 1949 820 2000 laboro

174 2013 315 2065 Exhausto
327 2013 415 2063 fessus
424 2015 525 2080 repetit
534 2016 653 2065 tentoria
663 2016 749 2068 aniles.

226 2080 337 2134 Summa
345 2080 397 2131 fuit
411 2081 510 2143 Graiis,
520 2090 626 2133 starent
635 2091 666 2134 ut
677 2087 794 2148 moenia,
805 2087 873 2137 voti.

174 2152 250 2203 Ultro
262 2151 335 2201 acies
345 2149 446 2201 inferre
457 2157 567 2216 parant:
585 2154 720 2220 amneque
731 2169 861 2205 coruscae

173 2219 306 2270 Nocturni
316 2225 410 2269 texere
420 2217 508 2269 iaces:
524 2220 667 2287 audaxque
682 2223 806 2273 iuventus

112 2287 162 2337 500
173 2289 282 2354 Erupit:
293 2303 347 2338 non
358 2285 437 2338 hasta
446 2288 520 2349 viris,
530 2303 584 2338 non
594 2289 685 2340 letifer
694 2305 783 2353 arem,

172 2357 269 2408 Telum
280 2355 389 2407 flamma
399 2355 459 2418 finit,
470 2359 632 2424 rapiensque
641 2359 767 2410 incendia
778 2366 876 2411 vennas

170 2425 224 2475 Per
235 2426 357 2475 Romana
366 2425 429 2475 tulit
439 2425 522 2476 celeri
532 2427 679 2476 munimina
688 2443 778 2480 eursu.

170 2492 236 2556 Nee,
248 2495 369 2560 quamvis
380 2493 459 2544 viridi
469 2493 588 2545 luotetm
596 2495 705 2558 robore,
716 2496 804 2548 lentos

169 2559 242 2628 ignis
253 2563 310 2629 agit
321 2564 405 2613 vires:
418 2561 483 2612 teda
493 2561 541 2611 sed
552 2571 646 2629 raptus
656 2565 690 2615 ab
703 2568 777 2616 omni

108 2629 159 2681 505
171 2632 351 2697 Consequitur
360 2631 429 2698 nign'
442 2632 563 2695 spatiosa
574 2632 711 2684 volumina
720 2634 801 2685 trinu:

169 2698 225 2748 Nee
237 2699 323 2749 solum
335 2698 425 2754 silvas.
438 2698 485 2747 sed
498 2713 564 2749 saxo
574 2702 695 2767 ingentia
706 2705 795 2765 nobit,
