<?xml version="1.0" encoding="UTF-8"?>
<!DOCTYPE html PUBLIC "-//W3C//DTD XHTML 1.0 Transitional//EN"
    "http://www.w3.org/TR/xhtml1/DTD/xhtml1-transitional.dtd">
<html xmlns="http://www.w3.org/1999/xhtml" xml:lang="en" lang="en">
 <head>
  <title>
</title>
<meta http-equiv="Content-Type" content="text/html;charset=utf-8" />
  <meta name='ocr-system' content='tesseract 3.04.00' />
  <meta name='ocr-capabilities' content='ocr_page ocr_carea ocr_par ocr_line ocrx_word'/>
</head>
<body>
  <div class='ocr_page' id='page_1' title='image "./pharsaliacumind00lucagoog_0244.png"; bbox 0 0 1980 3074; ppageno 0'>
   <div class='ocr_carea' id='block_1_1' title="bbox 226 127 830 181">
    <p class='ocr_par' dir='ltr' id='par_1_1' title="bbox 226 127 830 181">
     <span class='ocr_line' id='line_1_1' title="bbox 226 127 830 181; baseline 0.005 -3"><span class='ocrx_word' id='word_1_1' title='bbox 226 127 517 181; x_wconf 65' lang='lat' dir='ltr'><strong>Padusam.</strong></span> <span class='ocrx_word' id='word_1_2' title='bbox 552 129 643 180; x_wconf 83' lang='lat' dir='ltr'><strong>LlB.</strong></span> <span class='ocrx_word' id='word_1_3' title='bbox 667 128 701 180; x_wconf 84' lang='lat' dir='ltr'><strong>X.</strong></span> <span class='ocrx_word' id='word_1_4' title='bbox 779 128 830 181; x_wconf 82' lang='lat'><strong>231</strong></span> 
     </span>
    </p>
   </div>
   <div class='ocr_carea' id='block_1_2' title="bbox 95 247 897 2725">
    <p class='ocr_par' dir='ltr' id='par_1_2' title="bbox 95 247 890 317">
     <span class='ocr_line' id='line_1_2' title="bbox 95 247 890 317; baseline -0.003 -17"><span class='ocrx_word' id='word_1_5' title='bbox 95 250 185 300; x_wconf 87' lang='lat' dir='ltr'><strong>Marte</strong></span> <span class='ocrx_word' id='word_1_6' title='bbox 195 256 308 316; x_wconf 90' lang='lat' dir='ltr'><strong>paratus</strong></span> <span class='ocrx_word' id='word_1_7' title='bbox 319 263 385 315; x_wconf 88' lang='lat' dir='ltr'><strong>opes</strong></span> <span class='ocrx_word' id='word_1_8' title='bbox 396 249 490 300; x_wconf 86' lang='lat' dir='ltr'><strong>uruudi</strong></span> <span class='ocrx_word' id='word_1_9' title='bbox 499 249 637 317; x_wconf 84' lang='lat' dir='ltr'><strong>quaesisse</strong></span> <span class='ocrx_word' id='word_1_10' title='bbox 648 249 738 300; x_wconf 86' lang='lat' dir='ltr'><strong>ruina:</strong></span> <span class='ocrx_word' id='word_1_11' title='bbox 840 247 890 298; x_wconf 82' lang='grc'><strong>150</strong></span> 
     </span>
    </p>

    <p class='ocr_par' dir='ltr' id='par_1_3' title="bbox 95 316 749 383">
     <span class='ocr_line' id='line_1_3' title="bbox 95 316 749 383; baseline 0 -15"><span class='ocrx_word' id='word_1_12' title='bbox 95 320 170 369; x_wconf 84' lang='lat' dir='ltr'><strong>Pone</strong></span> <span class='ocrx_word' id='word_1_13' title='bbox 182 316 265 369; x_wconf 87' lang='lat' dir='ltr'><strong>duces</strong></span> <span class='ocrx_word' id='word_1_14' title='bbox 277 317 382 382; x_wconf 85' lang='lat' dir='ltr'><strong>priscos</strong></span> <span class='ocrx_word' id='word_1_15' title='bbox 393 322 422 367; x_wconf 92' lang='lat' dir='ltr'><strong>et</strong></span> <span class='ocrx_word' id='word_1_16' title='bbox 431 317 541 369; x_wconf 78' lang='lat' dir='ltr'><strong>nondna</strong></span> <span class='ocrx_word' id='word_1_17' title='bbox 550 318 677 383; x_wconf 88' lang='lat' dir='ltr'><strong>pauperis</strong></span> <span class='ocrx_word' id='word_1_18' title='bbox 689 319 749 368; x_wconf 84' lang='lat' dir='ltr'><strong>aeri</strong></span> 
     </span>
    </p>

    <p class='ocr_par' dir='ltr' id='par_1_4' title="bbox 97 383 788 452">
     <span class='ocr_line' id='line_1_4' title="bbox 97 383 788 452; baseline -0.001 -15"><span class='ocrx_word' id='word_1_19' title='bbox 97 386 237 437; x_wconf 77' lang='lat' dir='ltr'><strong>Fabricios</strong></span> <span class='ocrx_word' id='word_1_20' title='bbox 249 385 398 452; x_wconf 82' lang='lat' dir='ltr'><strong>Curiosque</strong></span> <span class='ocrx_word' id='word_1_21' title='bbox 441 400 517 437; x_wconf 83' lang='lat' dir='ltr'><strong>ares:</strong></span> <span class='ocrx_word' id='word_1_22' title='bbox 536 383 580 435; x_wconf 89' lang='lat' dir='ltr'><strong>bic</strong></span> <span class='ocrx_word' id='word_1_23' title='bbox 591 385 635 436; x_wconf 91' lang='lat' dir='ltr'><strong>ille</strong></span> <span class='ocrx_word' id='word_1_24' title='bbox 646 386 788 438; x_wconf 81' lang='lat' dir='ltr'><strong>recumbat</strong></span> 
     </span>
    </p>

    <p class='ocr_par' dir='ltr' id='par_1_5' title="bbox 98 453 759 517">
     <span class='ocr_line' id='line_1_5' title="bbox 98 453 759 517; baseline -0.002 -11"><span class='ocrx_word' id='word_1_25' title='bbox 98 455 230 508; x_wconf 87' lang='lat' dir='ltr'><strong>Sordidus</strong></span> <span class='ocrx_word' id='word_1_26' title='bbox 239 454 384 506; x_wconf 75' lang='lat' dir='ltr'><strong>Hetruscis</strong></span> <span class='ocrx_word' id='word_1_27' title='bbox 396 469 412 504; x_wconf 88' lang='lat' dir='ltr'><strong>a</strong></span> <span class='ocrx_word' id='word_1_28' title='bbox 430 453 529 506; x_wconf 88' lang='lat' dir='ltr'><strong>ductus</strong></span> <span class='ocrx_word' id='word_1_29' title='bbox 540 453 640 504; x_wconf 87' lang='lat' dir='ltr'><strong>Consul</strong></span> <span class='ocrx_word' id='word_1_30' title='bbox 652 455 759 517; x_wconf 84' lang='lat' dir='ltr'><strong>aratris,</strong></span> 
     </span>
    </p>

    <p class='ocr_par' dir='ltr' id='par_1_6' title="bbox 98 519 728 592">
     <span class='ocr_line' id='line_1_6' title="bbox 98 519 728 592; baseline -0.006 -16"><span class='ocrx_word' id='word_1_31' title='bbox 98 524 212 591; x_wconf 82' lang='lat' dir='ltr'><strong>Optabit</strong></span> <span class='ocrx_word' id='word_1_32' title='bbox 220 524 329 592; x_wconf 75' lang='lat' dir='ltr'><strong>patriae</strong></span> <span class='ocrx_word' id='word_1_33' title='bbox 339 522 422 573; x_wconf 88' lang='lat' dir='ltr'><strong>talem</strong></span> <span class='ocrx_word' id='word_1_34' title='bbox 434 521 542 574; x_wconf 84' lang='lat' dir='ltr'><strong>duxisse</strong></span> <span class='ocrx_word' id='word_1_35' title='bbox 555 519 728 589; x_wconf 82' lang='lat' dir='ltr'><strong>triumphum.</strong></span> 
     </span>
    </p>

    <p class='ocr_par' dir='ltr' id='par_1_7' title="bbox 99 590 892 659">
     <span class='ocr_line' id='line_1_7' title="bbox 99 590 892 659; baseline -0.004 -15"><span class='ocrx_word' id='word_1_36' title='bbox 99 593 223 644; x_wconf 85' lang='lat' dir='ltr'><strong>infudere</strong></span> <span class='ocrx_word' id='word_1_37' title='bbox 235 591 329 659; x_wconf 85' lang='lat' dir='ltr'><strong>epulae</strong></span> <span class='ocrx_word' id='word_1_38' title='bbox 341 607 418 654; x_wconf 89' lang='lat' dir='ltr'><strong>auro,</strong></span> <span class='ocrx_word' id='word_1_39' title='bbox 429 590 504 659; x_wconf 93' lang='lat' dir='ltr'><strong>quod</strong></span> <span class='ocrx_word' id='word_1_40' title='bbox 512 597 596 652; x_wconf 86' lang='lat' dir='ltr'><strong>terra,</strong></span> <span class='ocrx_word' id='word_1_41' title='bbox 606 590 679 658; x_wconf 88' lang='lat' dir='ltr'><strong>quod</strong></span> <span class='ocrx_word' id='word_1_42' title='bbox 690 604 747 653; x_wconf 89' lang='lat' dir='ltr'><strong>aer,</strong></span> <span class='ocrx_word' id='word_1_43' title='bbox 842 591 892 642; x_wconf 91' lang='grc'><strong>155</strong></span> 
     </span>
    </p>

    <p class='ocr_par' dir='ltr' id='par_1_8' title="bbox 97 657 795 729">
     <span class='ocr_line' id='line_1_8' title="bbox 97 657 795 729; baseline -0.001 -16"><span class='ocrx_word' id='word_1_44' title='bbox 97 662 177 724; x_wconf 78' lang='lat' dir='ltr'><strong>Quod</strong></span> <span class='ocrx_word' id='word_1_45' title='bbox 190 661 302 729; x_wconf 81' lang='lat' dir='ltr'><strong>pelagus</strong></span> <span class='ocrx_word' id='word_1_46' title='bbox 311 659 443 729; x_wconf 75' lang='lat' dir='ltr'><strong>Nilusque</strong></span> <span class='ocrx_word' id='word_1_47' title='bbox 454 659 538 722; x_wconf 83' lang='lat' dir='ltr'><strong>dedit,</strong></span> <span class='ocrx_word' id='word_1_48' title='bbox 550 660 622 727; x_wconf 91' lang='lat' dir='ltr'><strong>quod</strong></span> <span class='ocrx_word' id='word_1_49' title='bbox 632 657 712 712; x_wconf 81' lang='lat' dir='ltr'><strong>luxus</strong></span> <span class='ocrx_word' id='word_1_50' title='bbox 723 661 795 712; x_wconf 87' lang='lat' dir='ltr'><strong>inani</strong></span> 
     </span>
    </p>

    <p class='ocr_par' dir='ltr' id='par_1_9' title="bbox 96 728 693 798">
     <span class='ocr_line' id='line_1_9' title="bbox 96 728 693 798; baseline -0.002 -16"><span class='ocrx_word' id='word_1_51' title='bbox 96 731 250 782; x_wconf 75' lang='lat' dir='ltr'><strong>Ambitione</strong></span> <span class='ocrx_word' id='word_1_52' title='bbox 259 729 352 781; x_wconf 81' lang='lat' dir='ltr'><strong>iurene</strong></span> <span class='ocrx_word' id='word_1_53' title='bbox 364 735 424 781; x_wconf 89' lang='lat' dir='ltr'><strong>toto</strong></span> <span class='ocrx_word' id='word_1_54' title='bbox 435 728 569 798; x_wconf 83' lang='lat' dir='ltr'><strong>quaesivit</strong></span> <span class='ocrx_word' id='word_1_55' title='bbox 578 729 605 779; x_wconf 91' lang='lat' dir='ltr'><strong>in</strong></span> <span class='ocrx_word' id='word_1_56' title='bbox 617 728 693 792; x_wconf 88' lang='lat' dir='ltr'><strong>orbe,</strong></span> 
     </span>
    </p>

    <p class='ocr_par' dir='ltr' id='par_1_10' title="bbox 96 797 832 867">
     <span class='ocr_line' id='line_1_10' title="bbox 96 797 832 867; baseline -0.005 -16"><span class='ocrx_word' id='word_1_57' title='bbox 96 800 158 852; x_wconf 92' lang='lat' dir='ltr'><strong>Non</strong></span> <span class='ocrx_word' id='word_1_58' title='bbox 164 798 311 851; x_wconf 88' lang='lat' dir='ltr'><strong>mandante</strong></span> <span class='ocrx_word' id='word_1_59' title='bbox 317 798 402 851; x_wconf 79' lang='lat' dir='ltr'><strong>fame:</strong></span> <span class='ocrx_word' id='word_1_60' title='bbox 413 797 513 850; x_wconf 85' lang='lat' dir='ltr'><strong>multas</strong></span> <span class='ocrx_word' id='word_1_61' title='bbox 520 798 700 867; x_wconf 80' lang='lat' dir='ltr'><strong>volucresque</strong></span> <span class='ocrx_word' id='word_1_62' title='bbox 706 797 832 866; x_wconf 81' lang='lat' dir='ltr'><strong>feraeque</strong></span> 
     </span>
    </p>

    <p class='ocr_par' dir='ltr' id='par_1_11' title="bbox 96 867 779 937">
     <span class='ocr_line' id='line_1_11' title="bbox 96 867 779 937; baseline 0 -18"><span class='ocrx_word' id='word_1_63' title='bbox 96 870 214 937; x_wconf 71' lang='lat' dir='ltr'><strong>Aegypti</strong></span> <span class='ocrx_word' id='word_1_64' title='bbox 224 883 341 936; x_wconf 87' lang='lat' dir='ltr'><strong>posuere</strong></span> <span class='ocrx_word' id='word_1_65' title='bbox 353 867 435 920; x_wconf 76' lang='lat' dir='ltr'><strong>decer</strong></span> <span class='ocrx_word' id='word_1_66' title='bbox 454 867 633 935; x_wconf 86' lang='lat' dir='ltr'><strong>manibusque</strong></span> <span class='ocrx_word' id='word_1_67' title='bbox 643 867 779 921; x_wconf 83' lang='lat' dir='ltr'><strong>ministrat</strong></span> 
     </span>
    </p>

    <p class='ocr_par' dir='ltr' id='par_1_12' title="bbox 96 938 893 1057">
     <span class='ocr_line' id='line_1_12' title="bbox 96 938 893 1057; baseline -0.003 -68"><span class='ocrx_word' id='word_1_68' title='bbox 96 938 215 989; x_wconf 86' lang='lat' dir='ltr'><strong>Niliacas</strong></span> <span class='ocrx_word' id='word_1_69' title='bbox 227 938 372 1004; x_wconf 73' lang='lat' dir='ltr'><strong>crystallus</strong></span> <span class='ocrx_word' id='word_1_70' title='bbox 384 953 482 1057; x_wconf 72' lang='lat' dir='ltr'><strong>aquare</strong></span> <span class='ocrx_word' id='word_1_71' title='bbox 500 951 678 1057; x_wconf 73' lang='lat' dir='ltr'><strong>gemmaeque</strong></span> <span class='ocrx_word' id='word_1_72' title='bbox 690 953 806 1006; x_wconf 85' lang='lat' dir='ltr'><strong>capuces</strong></span> <span class='ocrx_word' id='word_1_73' title='bbox 846 939 893 988; x_wconf 78' lang='lat' dir='ltr'><strong>ido</strong></span> 
     </span>
    </p>

    <p class='ocr_par' dir='ltr' id='par_1_13' title="bbox 96 1006 762 1074">
     <span class='ocr_line' id='line_1_13' title="bbox 96 1006 762 1074; baseline 0.002 -17"><span class='ocrx_word' id='word_1_74' title='bbox 96 1008 239 1074; x_wconf 82' lang='lat' dir='ltr'><strong>Excepere</strong></span> <span class='ocrx_word' id='word_1_75' title='bbox 251 1021 364 1070; x_wconf 86' lang='lat' dir='ltr'><strong>merum,</strong></span> <span class='ocrx_word' id='word_1_76' title='bbox 375 1022 405 1058; x_wconf 91' lang='lat' dir='ltr'><strong>ee</strong></span> <span class='ocrx_word' id='word_1_77' title='bbox 435 1021 490 1057; x_wconf 90' lang='lat' dir='ltr'><strong>non</strong></span> <span class='ocrx_word' id='word_1_78' title='bbox 499 1006 620 1058; x_wconf 86' lang='lat' dir='ltr'><strong>Marcoti</strong></span> <span class='ocrx_word' id='word_1_79' title='bbox 640 1023 672 1058; x_wconf 89' lang='lat' dir='ltr'><strong>os</strong></span> <span class='ocrx_word' id='word_1_80' title='bbox 683 1023 762 1070; x_wconf 83' lang='lat' dir='ltr'><strong>urae,</strong></span> 
     </span>
    </p>

    <p class='ocr_par' dir='ltr' id='par_1_14' title="bbox 97 1074 746 1141">
     <span class='ocr_line' id='line_1_14' title="bbox 97 1074 746 1141; baseline 0.002 -15"><span class='ocrx_word' id='word_1_81' title='bbox 97 1075 194 1127; x_wconf 87' lang='lat' dir='ltr'><strong>Nobile</strong></span> <span class='ocrx_word' id='word_1_82' title='bbox 206 1076 254 1127; x_wconf 87' lang='lat' dir='ltr'><strong>scd</strong></span> <span class='ocrx_word' id='word_1_83' title='bbox 265 1076 360 1141; x_wconf 86' lang='lat' dir='ltr'><strong>paucis</strong></span> <span class='ocrx_word' id='word_1_84' title='bbox 372 1076 475 1127; x_wconf 89' lang='lat' dir='ltr'><strong>senium</strong></span> <span class='ocrx_word' id='word_1_85' title='bbox 487 1076 531 1126; x_wconf 91' lang='lat' dir='ltr'><strong>cui</strong></span> <span class='ocrx_word' id='word_1_86' title='bbox 541 1074 658 1126; x_wconf 88' lang='lat' dir='ltr'><strong>contulit</strong></span> <span class='ocrx_word' id='word_1_87' title='bbox 669 1076 746 1127; x_wconf 81' lang='lat' dir='ltr'><strong>anuis</strong></span> 
     </span>
    </p>

    <p class='ocr_par' dir='ltr' id='par_1_15' title="bbox 97 1143 786 1211">
     <span class='ocr_line' id='line_1_15' title="bbox 97 1143 786 1211; baseline -0.001 -16"><span class='ocrx_word' id='word_1_88' title='bbox 97 1145 262 1195; x_wconf 90' lang='lat' dir='ltr'><strong>indomitum</strong></span> <span class='ocrx_word' id='word_1_89' title='bbox 273 1145 369 1194; x_wconf 87' lang='lat' dir='ltr'><strong>Meroe</strong></span> <span class='ocrx_word' id='word_1_90' title='bbox 381 1158 482 1211; x_wconf 76' lang='lat' dir='ltr'><strong>cogens</strong></span> <span class='ocrx_word' id='word_1_91' title='bbox 493 1157 620 1208; x_wconf 83' lang='lat' dir='ltr'><strong>spumare</strong></span> <span class='ocrx_word' id='word_1_92' title='bbox 632 1143 786 1194; x_wconf 85' lang='lat' dir='ltr'><strong>Falernum.</strong></span> 
     </span>
    </p>

    <p class='ocr_par' dir='ltr' id='par_1_16' title="bbox 98 1209 699 1280">
     <span class='ocr_line' id='line_1_16' title="bbox 98 1209 699 1280; baseline -0.003 -16"><span class='ocrx_word' id='word_1_93' title='bbox 98 1213 240 1280; x_wconf 76' lang='lat' dir='ltr'><strong>Accipiunt</strong></span> <span class='ocrx_word' id='word_1_94' title='bbox 250 1219 338 1262; x_wconf 83' lang='lat' dir='ltr'><strong>sertas</strong></span> <span class='ocrx_word' id='word_1_95' title='bbox 349 1210 434 1262; x_wconf 89' lang='lat' dir='ltr'><strong>nardo</strong></span> <span class='ocrx_word' id='word_1_96' title='bbox 447 1209 561 1262; x_wconf 74' lang='lat' dir='ltr'><strong>florente</strong></span> <span class='ocrx_word' id='word_1_97' title='bbox 573 1225 699 1274; x_wconf 87' lang='lat' dir='ltr'><strong>coronas,</strong></span> 
     </span>
    </p>

    <p class='ocr_par' dir='ltr' id='par_1_17' title="bbox 97 1278 895 1361">
     <span class='ocr_line' id='line_1_17' title="bbox 97 1278 895 1361; baseline -0.001 -30"><span class='ocrx_word' id='word_1_98' title='bbox 97 1283 133 1332; x_wconf 79' lang='lat' dir='ltr'><strong>Et</strong></span> <span class='ocrx_word' id='word_1_99' title='bbox 145 1295 291 1346; x_wconf 87' lang='lat' dir='ltr'><strong>numquam</strong></span> <span class='ocrx_word' id='word_1_100' title='bbox 302 1278 423 1348; x_wconf 75' lang='lat' dir='ltr'><strong>fugiente</strong></span> <span class='ocrx_word' id='word_1_101' title='bbox 433 1293 511 1330; x_wconf 75' lang='lat' dir='ltr'><strong>rosae</strong></span> <span class='ocrx_word' id='word_1_102' title='bbox 530 1279 698 1361; x_wconf 89' lang='lat' dir='ltr'><strong>multumque</strong></span> <span class='ocrx_word' id='word_1_103' title='bbox 708 1279 827 1329; x_wconf 81' lang='lat' dir='ltr'><strong>madenti</strong></span> <span class='ocrx_word' id='word_1_104' title='bbox 846 1279 895 1330; x_wconf 79' lang='grc'><strong>155</strong></span> 
     </span>
    </p>

    <p class='ocr_par' dir='ltr' id='par_1_18' title="bbox 100 1346 755 1415">
     <span class='ocr_line' id='line_1_18' title="bbox 100 1346 755 1415; baseline -0.002 -16"><span class='ocrx_word' id='word_1_105' title='bbox 100 1348 225 1400; x_wconf 85' lang='lat' dir='ltr'><strong>inludere</strong></span> <span class='ocrx_word' id='word_1_106' title='bbox 237 1362 342 1410; x_wconf 87' lang='lat' dir='ltr'><strong>comae,</strong></span> <span class='ocrx_word' id='word_1_107' title='bbox 353 1346 426 1415; x_wconf 91' lang='lat' dir='ltr'><strong>quod</strong></span> <span class='ocrx_word' id='word_1_108' title='bbox 437 1346 555 1399; x_wconf 87' lang='lat' dir='ltr'><strong>nondum</strong></span> <span class='ocrx_word' id='word_1_109' title='bbox 567 1352 678 1399; x_wconf 87' lang='lat' dir='ltr'><strong>evamut</strong></span> <span class='ocrx_word' id='word_1_110' title='bbox 688 1362 755 1398; x_wconf 87' lang='lat' dir='ltr'><strong>aura</strong></span> 
     </span>
    </p>

    <p class='ocr_par' dir='ltr' id='par_1_19' title="bbox 98 1415 748 1483">
     <span class='ocr_line' id='line_1_19' title="bbox 98 1415 748 1483; baseline -0.005 -14"><span class='ocrx_word' id='word_1_111' title='bbox 98 1419 257 1479; x_wconf 82' lang='lat' dir='ltr'><strong>cinnamon,</strong></span> <span class='ocrx_word' id='word_1_112' title='bbox 268 1422 383 1469; x_wconf 84' lang='lat' dir='ltr'><strong>externa</strong></span> <span class='ocrx_word' id='word_1_113' title='bbox 392 1431 443 1468; x_wconf 90' lang='lat' dir='ltr'><strong>nec</strong></span> <span class='ocrx_word' id='word_1_114' title='bbox 455 1415 573 1483; x_wconf 90' lang='lat' dir='ltr'><strong>perdidit</strong></span> <span class='ocrx_word' id='word_1_115' title='bbox 585 1430 651 1467; x_wconf 88' lang='lat' dir='ltr'><strong>aera</strong></span> <span class='ocrx_word' id='word_1_116' title='bbox 660 1421 748 1467; x_wconf 75' lang='lat' dir='ltr'><strong>terret</strong></span> 
     </span>
    </p>

    <p class='ocr_par' dir='ltr' id='par_1_20' title="bbox 97 1485 790 1554">
     <span class='ocr_line' id='line_1_20' title="bbox 97 1485 790 1554; baseline -0.006 -16"><span class='ocrx_word' id='word_1_117' title='bbox 97 1487 301 1554; x_wconf 77' lang='lat' dir='ltr'><strong>Advectumque</strong></span> <span class='ocrx_word' id='word_1_118' title='bbox 312 1500 409 1537; x_wconf 86' lang='lat' dir='ltr'><strong>recens</strong></span> <span class='ocrx_word' id='word_1_119' title='bbox 419 1485 525 1536; x_wconf 82' lang='lat' dir='ltr'><strong>vicinae</strong></span> <span class='ocrx_word' id='word_1_120' title='bbox 534 1485 630 1536; x_wconf 71' lang='lat' dir='ltr'><strong>memis</strong></span> <span class='ocrx_word' id='word_1_121' title='bbox 640 1485 790 1536; x_wconf 87' lang='lat' dir='ltr'><strong>limomum.</strong></span> 
     </span>
    </p>

    <p class='ocr_par' dir='ltr' id='par_1_21' title="bbox 98 1553 732 1623">
     <span class='ocr_line' id='line_1_21' title="bbox 98 1553 732 1623; baseline -0.003 -17"><span class='ocrx_word' id='word_1_122' title='bbox 98 1556 186 1607; x_wconf 82' lang='lat' dir='ltr'><strong>Discit</strong></span> <span class='ocrx_word' id='word_1_123' title='bbox 198 1570 264 1621; x_wconf 89' lang='lat' dir='ltr'><strong>opes</strong></span> <span class='ocrx_word' id='word_1_124' title='bbox 275 1555 377 1606; x_wconf 81' lang='lat' dir='ltr'><strong>Caesar</strong></span> <span class='ocrx_word' id='word_1_125' title='bbox 387 1553 497 1623; x_wconf 85' lang='lat' dir='ltr'><strong>spoliati</strong></span> <span class='ocrx_word' id='word_1_126' title='bbox 506 1554 621 1621; x_wconf 85' lang='lat' dir='ltr'><strong>perdere</strong></span> <span class='ocrx_word' id='word_1_127' title='bbox 630 1553 732 1617; x_wconf 90' lang='lat' dir='ltr'><strong>mundi,</strong></span> 
     </span>
    </p>

    <p class='ocr_par' dir='ltr' id='par_1_22' title="bbox 98 1623 896 1694">
     <span class='ocr_line' id='line_1_22' title="bbox 98 1623 896 1694; baseline -0.006 -17"><span class='ocrx_word' id='word_1_128' title='bbox 98 1627 134 1677; x_wconf 79' lang='lat' dir='ltr'><strong>Et</strong></span> <span class='ocrx_word' id='word_1_129' title='bbox 144 1625 262 1694; x_wconf 77' lang='lat' dir='ltr'><strong>gessisse</strong></span> <span class='ocrx_word' id='word_1_130' title='bbox 272 1623 358 1691; x_wconf 89' lang='lat' dir='ltr'><strong>pudet</strong></span> <span class='ocrx_word' id='word_1_131' title='bbox 369 1639 471 1692; x_wconf 76' lang='lat' dir='ltr'><strong>genero</strong></span> <span class='ocrx_word' id='word_1_132' title='bbox 484 1638 545 1674; x_wconf 88' lang='lat' dir='ltr'><strong>curu</strong></span> <span class='ocrx_word' id='word_1_133' title='bbox 555 1638 676 1692; x_wconf 89' lang='lat' dir='ltr'><strong>paupere</strong></span> <span class='ocrx_word' id='word_1_134' title='bbox 686 1623 795 1686; x_wconf 87' lang='lat' dir='ltr'><strong>bellum,</strong></span> <span class='ocrx_word' id='word_1_135' title='bbox 848 1626 896 1673; x_wconf 76' lang='grc'>1111</span> 
     </span>
    </p>

    <p class='ocr_par' dir='ltr' id='par_1_23' title="bbox 98 1690 830 1882">
     <span class='ocr_line' id='line_1_23' title="bbox 98 1690 793 1762; baseline -0.004 -16"><span class='ocrx_word' id='word_1_136' title='bbox 98 1695 134 1746; x_wconf 81' lang='lat' dir='ltr'><strong>Et</strong></span> <span class='ocrx_word' id='word_1_137' title='bbox 145 1709 256 1746; x_wconf 86' lang='lat' dir='ltr'><strong>caussas</strong></span> <span class='ocrx_word' id='word_1_138' title='bbox 267 1693 366 1745; x_wconf 88' lang='lat' dir='ltr'><strong>Martie</strong></span> <span class='ocrx_word' id='word_1_139' title='bbox 377 1690 484 1745; x_wconf 86' lang='lat' dir='ltr'><strong>Phariis</strong></span> <span class='ocrx_word' id='word_1_140' title='bbox 495 1706 556 1746; x_wconf 89' lang='lat' dir='ltr'><strong>cum</strong></span> <span class='ocrx_word' id='word_1_141' title='bbox 567 1692 694 1762; x_wconf 79' lang='lat' dir='ltr'><strong>gentibus</strong></span> <span class='ocrx_word' id='word_1_142' title='bbox 706 1698 793 1760; x_wconf 87' lang='lat' dir='ltr'><strong>optat.</strong></span> 
     </span>
     <span class='ocr_line' id='line_1_24' title="bbox 149 1757 830 1882; baseline -0.003 -67"><span class='ocrx_word' id='word_1_143' title='bbox 149 1763 301 1831; x_wconf 89' lang='lat' dir='ltr'><strong>Postquam</strong></span> <span class='ocrx_word' id='word_1_144' title='bbox 317 1762 406 1831; x_wconf 90' lang='lat' dir='ltr'><strong>epulis</strong></span> <span class='ocrx_word' id='word_1_145' title='bbox 420 1757 588 1830; x_wconf 84' lang='lat' dir='ltr'><strong>Bacchoque</strong></span> <span class='ocrx_word' id='word_1_146' title='bbox 604 1761 714 1882; x_wconf 62' lang='lat' dir='ltr'><strong>modlum</strong></span> <span class='ocrx_word' id='word_1_147' title='bbox 727 1762 830 1823; x_wconf 74' lang='lat' dir='ltr'><strong>lassata</strong></span> 
     </span>
    </p>

    <p class='ocr_par' dir='ltr' id='par_1_24' title="bbox 630 1837 757 1898">
     <span class='ocr_line' id='line_1_25' title="bbox 630 1837 757 1898; baseline 0.008 -16"><span class='ocrx_word' id='word_1_148' title='bbox 630 1837 757 1898; x_wconf 80' lang='lat' dir='ltr'><strong>rouptas</strong></span> 
     </span>
    </p>

    <p class='ocr_par' dir='ltr' id='par_1_25' title="bbox 99 1900 736 1968">
     <span class='ocr_line' id='line_1_26' title="bbox 99 1900 736 1968; baseline 0.002 -18"><span class='ocrx_word' id='word_1_149' title='bbox 99 1902 136 1950; x_wconf 90' lang='lat' dir='ltr'><strong>lm</strong></span> <span class='ocrx_word' id='word_1_150' title='bbox 158 1901 240 1961; x_wconf 87' lang='lat' dir='ltr'><strong>osuit,</strong></span> <span class='ocrx_word' id='word_1_151' title='bbox 251 1900 339 1968; x_wconf 74' lang='lat' dir='ltr'><strong>longis</strong></span> <span class='ocrx_word' id='word_1_152' title='bbox 351 1901 453 1955; x_wconf 78' lang='lat' dir='ltr'><strong>caeam</strong></span> <span class='ocrx_word' id='word_1_153' title='bbox 463 1900 617 1968; x_wconf 89' lang='lat' dir='ltr'><strong>producere</strong></span> <span class='ocrx_word' id='word_1_154' title='bbox 627 1906 736 1952; x_wconf 87' lang='lat' dir='ltr'><strong>noctem</strong></span> 
     </span>
    </p>

    <p class='ocr_par' dir='ltr' id='par_1_26' title="bbox 98 1968 809 2035">
     <span class='ocr_line' id='line_1_27' title="bbox 98 1968 809 2035; baseline 0 -17"><span class='ocrx_word' id='word_1_155' title='bbox 98 1971 146 2018; x_wconf 92' lang='lat' dir='ltr'><strong>inc</strong></span> <span class='ocrx_word' id='word_1_156' title='bbox 166 1973 214 2019; x_wconf 91' lang='lat' dir='ltr'><strong>oat</strong></span> <span class='ocrx_word' id='word_1_157' title='bbox 225 1968 371 2035; x_wconf 76' lang='lat' dir='ltr'><strong>adloquiiee</strong></span> <span class='ocrx_word' id='word_1_158' title='bbox 389 1981 495 2020; x_wconf 84' lang='lat' dir='ltr'><strong>summa</strong></span> <span class='ocrx_word' id='word_1_159' title='bbox 514 1983 548 2020; x_wconf 91' lang='lat' dir='ltr'><strong>ue</strong></span> <span class='ocrx_word' id='word_1_160' title='bbox 559 1969 587 2019; x_wconf 89' lang='lat' dir='ltr'><strong>in</strong></span> <span class='ocrx_word' id='word_1_161' title='bbox 598 1968 663 2021; x_wconf 91' lang='lat' dir='ltr'><strong>sede</strong></span> <span class='ocrx_word' id='word_1_162' title='bbox 674 1971 809 2024; x_wconf 84' lang='lat' dir='ltr'><strong>iacentem</strong></span> 
     </span>
    </p>

    <p class='ocr_par' dir='ltr' id='par_1_27' title="bbox 98 1983 896 2103">
     <span class='ocr_line' id='line_1_28' title="bbox 98 1983 896 2103; baseline -0.001 -17"><span class='ocrx_word' id='word_1_163' title='bbox 98 2036 255 2103; x_wconf 77' lang='lat' dir='ltr'><strong>Linigerum</strong></span> <span class='ocrx_word' id='word_1_164' title='bbox 268 2033 382 2101; x_wconf 88' lang='lat' dir='ltr'><strong>placidie</strong></span> <span class='ocrx_word' id='word_1_165' title='bbox 393 1983 540 2102; x_wconf 65' lang='lat' dir='ltr'><strong>compeiiat</strong></span> <span class='ocrx_word' id='word_1_166' title='bbox 549 2033 676 2088; x_wconf 79' lang='lat' dir='ltr'><strong>Achorea</strong></span> <span class='ocrx_word' id='word_1_167' title='bbox 686 2036 781 2088; x_wconf 83' lang='lat' dir='ltr'><strong>dictis:</strong></span> <span class='ocrx_word' id='word_1_168' title='bbox 847 2037 896 2086; x_wconf 80' lang='grc'><strong>115</strong></span> 
     </span>
    </p>

    <p class='ocr_par' dir='ltr' id='par_1_28' title="bbox 99 2102 762 2174">
     <span class='ocr_line' id='line_1_29' title="bbox 99 2102 762 2174; baseline 0.005 -21"><span class='ocrx_word' id='word_1_169' title='bbox 99 2104 125 2159; x_wconf 90' lang='lat' dir='ltr'><strong><em>O</em></strong></span> <span class='ocrx_word' id='word_1_170' title='bbox 137 2102 222 2154; x_wconf 80' lang='lat' dir='ltr'><strong>sacris</strong></span> <span class='ocrx_word' id='word_1_171' title='bbox 233 2103 324 2154; x_wconf 78' lang='lat' dir='ltr'><strong>devote</strong></span> <span class='ocrx_word' id='word_1_172' title='bbox 335 2119 423 2164; x_wconf 78' lang='lat' dir='ltr'><strong>senex,</strong></span> <span class='ocrx_word' id='word_1_173' title='bbox 435 2106 556 2169; x_wconf 73' lang='lat' dir='ltr'><strong>quodque</strong></span> <span class='ocrx_word' id='word_1_174' title='bbox 566 2105 663 2174; x_wconf 76' lang='lat' dir='ltr'><strong>arguit</strong></span> <span class='ocrx_word' id='word_1_175' title='bbox 674 2113 762 2167; x_wconf 76' lang='lat' dir='ltr'><strong>aelus,</strong></span> 
     </span>
    </p>

    <p class='ocr_par' dir='ltr' id='par_1_29' title="bbox 99 2170 775 2242">
     <span class='ocr_line' id='line_1_30' title="bbox 99 2170 775 2242; baseline -0.003 -16"><span class='ocrx_word' id='word_1_176' title='bbox 99 2173 128 2226; x_wconf 88' lang='lat' dir='ltr'><strong><em>N</em></strong></span> <span class='ocrx_word' id='word_1_177' title='bbox 129 2189 163 2225; x_wconf 81' lang='lat' dir='ltr'><strong>oa</strong></span> <span class='ocrx_word' id='word_1_178' title='bbox 175 2172 295 2240; x_wconf 77' lang='lat' dir='ltr'><strong>neglecte</strong></span> <span class='ocrx_word' id='word_1_179' title='bbox 306 2170 372 2232; x_wconf 77' lang='lat' dir='ltr'><strong>deis,</strong></span> <span class='ocrx_word' id='word_1_180' title='bbox 382 2171 505 2225; x_wconf 73' lang='lat' dir='ltr'><strong>Phariae</strong></span> <span class='ocrx_word' id='word_1_181' title='bbox 515 2172 667 2239; x_wconf 77' lang='lat' dir='ltr'><strong>primordia</strong></span> <span class='ocrx_word' id='word_1_182' title='bbox 676 2171 775 2242; x_wconf 75' lang='lat' dir='ltr'><strong>gentle,</strong></span> 
     </span>
    </p>

    <p class='ocr_par' dir='ltr' id='par_1_30' title="bbox 103 2239 757 2308">
     <span class='ocr_line' id='line_1_31' title="bbox 103 2239 757 2308; baseline -0.003 -13"><span class='ocrx_word' id='word_1_183' title='bbox 103 2240 303 2305; x_wconf 78' lang='lat' dir='ltr'><strong>Terrarumque</strong></span> <span class='ocrx_word' id='word_1_184' title='bbox 312 2240 389 2301; x_wconf 77' lang='lat' dir='ltr'><strong>citur,</strong></span> <span class='ocrx_word' id='word_1_185' title='bbox 401 2239 527 2308; x_wconf 79' lang='lat' dir='ltr'><strong>vulgique</strong></span> <span class='ocrx_word' id='word_1_186' title='bbox 539 2242 757 2303; x_wconf 63' lang='lat' dir='ltr'><strong>dinumeraret,</strong></span> 
     </span>
    </p>

    <p class='ocr_par' dir='ltr' id='par_1_31' title="bbox 101 2309 812 2381">
     <span class='ocr_line' id='line_1_32' title="bbox 101 2309 812 2381; baseline -0.006 -16"><span class='ocrx_word' id='word_1_187' title='bbox 101 2313 139 2365; x_wconf 78' lang='lat' dir='ltr'><strong>m</strong></span> <span class='ocrx_word' id='word_1_188' title='bbox 151 2310 387 2381; x_wconf 80' lang='lat' dir='ltr'><strong>riluesormaeque</strong></span> <span class='ocrx_word' id='word_1_189' title='bbox 399 2311 499 2362; x_wconf 74' lang='lat' dir='ltr'><strong>dedere.</strong></span> <span class='ocrx_word' id='word_1_190' title='bbox 510 2311 689 2376; x_wconf 72' lang='lat' dir='ltr'><strong>proderentque</strong></span> <span class='ocrx_word' id='word_1_191' title='bbox 699 2309 812 2362; x_wconf 74' lang='lat' dir='ltr'><strong>certastis</strong></span> 
     </span>
    </p>

    <p class='ocr_par' dir='ltr' id='par_1_32' title="bbox 100 2378 897 2450">
     <span class='ocr_line' id='line_1_33' title="bbox 100 2378 897 2450; baseline -0.008 -15"><span class='ocrx_word' id='word_1_192' title='bbox 100 2382 266 2447; x_wconf 83' lang='lat' dir='ltr'><strong>insculptum</strong></span> <span class='ocrx_word' id='word_1_193' title='bbox 277 2388 317 2431; x_wconf 83' lang='lat' dir='ltr'><strong>ert</strong></span> <span class='ocrx_word' id='word_1_194' title='bbox 327 2378 428 2448; x_wconf 68' lang='lat' dir='ltr'><strong>adytis,</strong></span> <span class='ocrx_word' id='word_1_195' title='bbox 438 2379 543 2450; x_wconf 79' lang='lat' dir='ltr'><strong>profer,</strong></span> <span class='ocrx_word' id='word_1_196' title='bbox 555 2380 678 2447; x_wconf 78' lang='lat' dir='ltr'><strong>noscique</strong></span> <span class='ocrx_word' id='word_1_197' title='bbox 688 2382 805 2432; x_wconf 82' lang='lat' dir='ltr'><strong>colenter</strong></span> <span class='ocrx_word' id='word_1_198' title='bbox 849 2379 897 2430; x_wconf 83' lang='lat'><strong>18⁰</strong></span> 
     </span>
    </p>

    <p class='ocr_par' dir='ltr' id='par_1_33' title="bbox 102 2446 801 2516">
     <span class='ocr_line' id='line_1_34' title="bbox 102 2446 801 2516; baseline -0.006 -13"><span class='ocrx_word' id='word_1_199' title='bbox 102 2451 187 2503; x_wconf 85' lang='lat' dir='ltr'><strong>Prode</strong></span> <span class='ocrx_word' id='word_1_200' title='bbox 198 2450 266 2502; x_wconf 80' lang='lat' dir='ltr'><strong>deor.</strong></span> <span class='ocrx_word' id='word_1_201' title='bbox 296 2448 328 2502; x_wconf 71' lang='grc' dir='ltr'><strong>δι’</strong></span> <span class='ocrx_word' id='word_1_202' title='bbox 338 2446 497 2516; x_wconf 81' lang='lat' dir='ltr'><strong>Cecropium</strong></span> <span class='ocrx_word' id='word_1_203' title='bbox 506 2466 557 2502; x_wconf 79' lang='lat' dir='ltr'><strong>rua</strong></span> <span class='ocrx_word' id='word_1_204' title='bbox 568 2466 647 2503; x_wconf 78' lang='lat' dir='ltr'><strong>tarra</strong></span> <span class='ocrx_word' id='word_1_205' title='bbox 660 2449 801 2510; x_wconf 77' lang='lat' dir='ltr'><strong>Platonem</strong></span> 
     </span>
    </p>

    <p class='ocr_par' dir='ltr' id='par_1_34' title="bbox 101 2517 742 2588">
     <span class='ocr_line' id='line_1_35' title="bbox 101 2517 742 2588; baseline -0.003 -16"><span class='ocrx_word' id='word_1_206' title='bbox 101 2521 219 2572; x_wconf 79' lang='lat' dir='ltr'><strong>Maiores</strong></span> <span class='ocrx_word' id='word_1_207' title='bbox 230 2520 343 2571; x_wconf 84' lang='lat' dir='ltr'><strong>docuere</strong></span> <span class='ocrx_word' id='word_1_208' title='bbox 354 2518 411 2571; x_wconf 78' lang='lat' dir='ltr'><strong>tui:</strong></span> <span class='ocrx_word' id='word_1_209' title='bbox 429 2517 489 2586; x_wconf 79' lang='lat' dir='ltr'><strong>quie</strong></span> <span class='ocrx_word' id='word_1_210' title='bbox 498 2518 606 2588; x_wconf 78' lang='lat' dir='ltr'><strong>dignior</strong></span> <span class='ocrx_word' id='word_1_211' title='bbox 618 2535 742 2586; x_wconf 82' lang='lat' dir='ltr'><strong>unrquam</strong></span> 
     </span>
    </p>

    <p class='ocr_par' dir='ltr' id='par_1_35' title="bbox 103 2587 763 2660">
     <span class='ocr_line' id='line_1_36' title="bbox 103 2587 763 2660; baseline -0.005 -18"><span class='ocrx_word' id='word_1_212' title='bbox 103 2590 160 2642; x_wconf 80' lang='lat' dir='ltr'><strong>Hoc</strong></span> <span class='ocrx_word' id='word_1_213' title='bbox 166 2589 228 2660; x_wconf 80' lang='lat' dir='ltr'><strong>fuit</strong></span> <span class='ocrx_word' id='word_1_214' title='bbox 240 2588 345 2650; x_wconf 71' lang='lat' dir='ltr'><strong>auditu,</strong></span> <span class='ocrx_word' id='word_1_215' title='bbox 356 2588 500 2654; x_wconf 76' lang='lat' dir='ltr'><strong>mundique</strong></span> <span class='ocrx_word' id='word_1_216' title='bbox 510 2587 639 2655; x_wconf 82' lang='lat' dir='ltr'><strong>capacior</strong></span> <span class='ocrx_word' id='word_1_217' title='bbox 650 2588 763 2656; x_wconf 77' lang='lat' dir='ltr'><strong>irrepet?</strong></span> 
     </span>
    </p>

    <p class='ocr_par' dir='ltr' id='par_1_36' title="bbox 103 2656 826 2725">
     <span class='ocr_line' id='line_1_37' title="bbox 103 2656 826 2725; baseline -0.003 -17"><span class='ocrx_word' id='word_1_218' title='bbox 103 2660 188 2709; x_wconf 82' lang='lat' dir='ltr'><strong>Fama</strong></span> <span class='ocrx_word' id='word_1_219' title='bbox 200 2658 304 2724; x_wconf 78' lang='lat' dir='ltr'><strong>quidem</strong></span> <span class='ocrx_word' id='word_1_220' title='bbox 314 2657 410 2725; x_wconf 65' lang='lat' dir='ltr'><strong>generi</strong></span> <span class='ocrx_word' id='word_1_221' title='bbox 417 2656 542 2709; x_wconf 72' lang='lat' dir='ltr'><strong>Picarias</strong></span> <span class='ocrx_word' id='word_1_222' title='bbox 553 2674 593 2710; x_wconf 89' lang='lat' dir='ltr'><strong>me</strong></span> <span class='ocrx_word' id='word_1_223' title='bbox 605 2656 685 2712; x_wconf 77' lang='lat' dir='ltr'><strong>duxit</strong></span> <span class='ocrx_word' id='word_1_224' title='bbox 695 2658 731 2709; x_wconf 82' lang='lat' dir='ltr'><strong>cd</strong></span> <span class='ocrx_word' id='word_1_225' title='bbox 742 2657 826 2713; x_wconf 82' lang='lat' dir='ltr'><strong>order,</strong></span> 
     </span>
    </p>
   </div>
   <div class='ocr_carea' id='block_1_3' title="bbox 0 0 1001 3074">
    <p class='ocr_par' dir='ltr' id='par_1_37' title="bbox 0 0 1001 3074">
     <span class='ocr_line' id='line_1_38' title="bbox 0 0 1001 3074; baseline 0 0"><span class='ocrx_word' id='word_1_226' title='bbox 0 0 1001 3074; x_wconf 95' lang='lat' dir='ltr'><strong> </strong></span> 
     </span>
    </p>
   </div>
  </div>
 </body>
</html>
