1980 3074
198 178 249 230 116
372 181 410 230 hi.
446 178 547 232 ANN.
582 177 765 232 buenni

200 330 364 433 postquam
374 372 467 416 castra
479 366 576 428 duces,
587 381 694 434 pugnae
704 367 761 417 ium
768 372 865 419 mente
872 377 937 430 pru·

670 449 715 500 pur
734 449 773 495 ur,

195 503 354 568 Imposuere
365 500 445 570 iugis,
456 501 621 571 admotaque
632 449 783 555 comminus
792 515 881 563 erma,

194 571 302 639 Parque
314 586 393 622 suum
403 568 497 621 ridere
507 570 560 633 dei,
573 586 673 636 capere
684 571 777 622 omnia
786 570 889 621 Caeam

194 640 306 691 Moenia
317 639 463 690 Graiorum
473 640 590 705 spernit,
600 639 774 708 Martemque
782 637 937 690 secundum

169 708 254 759 51am
263 709 314 759 nisi
326 708 361 758 de
372 723 474 776 genero
485 707 549 758 iatis
561 708 662 759 debere
673 713 792 760 recusat.

192 778 342 828 Funestnnr
354 776 455 826 mundo
464 778 536 827 votis
547 777 617 843 petit
628 776 753 828 omnihus
764 773 872 838 horam,

193 847 224 896 ln
236 861 329 896 cusum
341 860 411 913 quae
422 850 522 896 cuncta
532 845 613 897 ierat.
639 845 736 898 Placet
746 845 809 896 alea
821 843 871 895 fati

192 915 359 966 Alterutrum
370 929 494 965 mersura
504 920 594 981 caput.
624 914 682 966 Ter
692 913 806 966 collibus
818 927 916 965 omnes

192 983 334 1050 Explicuit
342 988 456 1045 turmas,
466 988 494 1034 et
505 985 585 1051 signa
594 985 728 1035 nriuamie
737 997 867 1066 pugnam,

152 1056 183 1103 10
195 1053 326 1103 Testatus
336 1066 482 1119 numquam
492 1052 591 1104 Latiae
601 1068 632 1104 se
643 1053 739 1105 deesse
750 1065 854 1103 munes.

195 1122 230 1172 Ut
240 1120 316 1171 ridet
326 1120 362 1171 ad
372 1120 461 1171 nullos
471 1122 556 1171 exciri
568 1136 650 1187 pesse
660 1121 793 1172 tumultus

193 1191 224 1241 ln
234 1204 353 1257 pugnum
365 1204 505 1257 generum,
516 1190 566 1242 scd
576 1190 671 1242 clausu
683 1189 768 1241 fidere
778 1188 861 1251 vulla,

192 1257 276 1328 Signa
286 1264 388 1321 moret,
401 1264 545 1327 tectusque
555 1260 601 1311 rin
610 1258 726 1313 dumosa
734 1273 785 1326 per
794 1273 863 1313 urvu

191 1325 358 1394 Dyrrhachii
369 1343 502 1396 praeceps
512 1327 657 1394 rapiendas
667 1327 757 1383 tendit
770 1327 806 1379 ud
816 1342 906 1379 arces.

149 1398 182 1449 15
193 1398 257 1449 Hoc
268 1400 322 1448 iter
332 1412 471 1465 aequoreo
482 1398 625 1465 praecepit
633 1396 720 1448 limite
729 1396 858 1515 hiufrm,

192 1467 334 1535 Quemque
340 1473 423 1518 vocat
435 1467 532 1519 collem
538 1466 701 1518 Taulantius
711 1466 775 1516 inco
786 1464 934 1529 uPetrunn,

191 1536 294 1587 insedit
305 1537 412 1598 eastris,
424 1534 610 1603 Ephyreaque
621 1535 731 1587 muenia
739 1539 843 1598 serrat,

188 1604 347 1656 Defendens
358 1610 448 1655 tutum
457 1603 573 1656 velsulis
582 1603 703 1655 turribus
713 1603 818 1657 urbem.

190 1671 251 1725 Non
263 1687 332 1739 opus
343 1671 552 1730 hanereterum.
564 1672 821 1724 necmulesstrueta
827 1677 933 1737 tuetur.

150 1746 181 1791 30
193 1742 390 1808 Humanusque
399 1741 488 1804 luber,
498 1740 597 1805 facilis,
608 1741 674 1793 licet
684 1741 771 1795 ardua
780 1740 870 1805 tollat,

191 1809 295 1861 Cedere
304 1810 348 1860 rel
356 1809 444 1873 bellis,
455 1809 499 1861 rel
510 1816 611 1862 cuneta
620 1809 793 1865 merentibus
804 1810 897 1865 mnus

191 1877 245 1931 Sed
256 1878 393 1929 munimen
402 1875 495 1942 hahet,
505 1878 580 1931 nullo
608 1878 843 1942 uassublleiem,

191 1947 325 1999 Naturam
335 1947 482 2016 sedemque
492 1948 556 1999 loci.
610 1946 911 2016 ameluusaprnhrndu

192 2017 315 2083 Undique
331 2018 474 2084 praecipiti
496 2016 670 2086 scopulisque
689 2016 863 2069 vomenu‘hus
878 2030 925 2069 ae·

683 2102 744 2149 uer,

150 2154 181 2207 25
192 2155 300 2224 Exiguo
312 2154 403 2219 dehet,
417 2155 489 2224 quod
499 2170 554 2207 nen
565 2162 609 2207 cst
618 2157 661 2207 ins
708 2193 715 2219 ,
732 2156 802 2207 culli.

191 2224 341 2277 Terribiles
352 2225 458 2276 ratibus
468 2230 624 2277 sustentant
634 2226 743 2275 moenia
752 2231 859 2289 cautes,

192 2295 350 2362 leniumque
360 2293 453 2347 furens
464 2294 562 2361 rapido
573 2309 635 2346 eum
644 2294 751 2345 tollitur
764 2295 877 2359 Austro,

191 2364 307 2429 Templa
318 2362 468 2432 dumosque
480 2365 577 2433 quatit,
589 2369 752 2432 spumatque
761 2363 791 2414 in
801 2363 924 2417 cuimine

665 2438 775 2498 pontus.

244 2501 305 2552 Huc
316 2502 422 2552 aridam
432 2500 496 2551 belli
507 2502 598 2568 rapuit
607 2516 670 2566 spes
679 2499 935 2570 improbsmeneeu

152 2569 184 2620 30
196 2571 330 2633 caesaris,
342 2577 373 2621 ut
382 2575 467 2620 vastis
478 2569 605 2621 diffusum
618 2570 732 2621 collibus
743 2567 852 2622 hostem

193 2639 321 2707 Cingeret
331 2640 464 2706 ignarum,
476 2637 559 2689 ducto
570 2640 667 2706 procul
677 2654 778 2708 aggere
790 2638 864 2692 valli.

190 2708 305 2758 Metitur
315 2714 404 2759 terras
415 2706 514 2758 oculis:
533 2722 584 2759 nec
596 2709 699 2776 cespite
710 2714 817 2761 tantum
