1980 3074
184 209 476 265 euersam.
510 210 594 264 ΜΒ
631 212 688 261 111.
773 209 806 261 55

67 329 202 381 Bellorum
215 347 303 382 casus.
333 329 473 398 Ingentem
484 328 667 381 militinensem

38 448 41 452 .
67 397 262 451 Hoehaletex
273 397 772 520 magnadegenetumpurtecadaverz
815 401 866 449 120

71 463 193 519 Viventis
196 466 305 588 (eriere
315 469 380 517 loru.
429 468 456 519 ie
465 467 538 518 fatus
549 468 577 517 in
588 464 695 519 hostem

67 536 157 586 Caeca
166 543 195 588 te
206 551 223 588 e
235 549 327 597 manu,
337 535 386 586 sed
396 552 451 589 non
462 543 554 588 tamen
566 537 654 596 irrita,
664 536 757 586 nrittit.

118 605 229 672 Excipit
239 602 308 656 haee
318 605 699 673 iuvenisgenerusisanguinis
709 604 806 670 Argus,

66 674 128 734 Qua
137 675 192 723 iam
204 688 258 725 non
268 672 373 725 medius
386 674 528 726 deseendit
537 675 565 725 in
574 671 621 724 ilia
631 679 736 733 venter,

64 741 174 793 Adiuvit
193 758 228 795 ne
240 757 290 794 suo
301 743 483 810 procumbens
492 743 615 810 pondere
627 741 738 792 ferrum.
815 743 865 793 115

64 810 164 863 Stabat
194 813 282 863 'versa
291 813 381 864 uictae
390 813 446 863 iam
457 818 537 879 parte
550 811 660 862 cannae

63 879 160 931 infelix
171 881 208 932 Ar
227 882 234 894 ⁸
244 881 364 948 genitum
382 884 448 943 (non
458 880 504 931 ille
514 881 641 931 iuventae

64 950 204 1017 Tempore
239 947 361 1001 hocaieis
372 949 419 1000 ulli
431 964 557 1000 cessurus
568 951 596 1000 in
608 951 704 1000 armis:

64 1019 175 1070 Victum
188 1033 257 1071 aevo
267 1015 352 1069 robur
364 1018 473 1080 cecidit,
484 1017 573 1070 fessus
593 1034 627 1071 ue
639 1025 752 1070 senecta

64 1088 236 1154 Exemplum,
246 1102 301 1137 non
311 1085 390 1139 miles
400 1092 491 1152 erat3)
511 1087 565 1155 qui,
607 1089 753 1152 nereviso,
815 1090 866 1140 tau

65 1155 154 1223 Saepe
166 1157 267 1207 cudens
276 1155 376 1238 lungae
388 1157 480 1207 senior
490 1171 539 1223 per
550 1163 670 1207 transtra
682 1158 792 1208 carinae

64 1226 194 1276 Pervenit
204 1224 238 1274 ad
249 1239 371 1291 pnpprm,
383 1225 573 1291 spirantesque
583 1226 687 1275 invenit
698 1231 782 1276 artus.

64 1293 126 1343 Nun
135 1293 276 1358 lacrymae
289 1293 414 1343 cecidere
424 1293 510 1359 genis,
521 1308 576 1343 non
588 1293 806 1359 pectoratundit,

66 1361 199 1412 Distentis
210 1366 270 1411 tuto
281 1361 365 1426 riguit
374 1360 423 1411 sed
433 1374 551 1426 corpore
561 1360 667 1425 palmis.

65 1427 128 1479 Nox
134 1427 216 1489 subit,
222 1427 507 1493 atqueuculosvastue
513 1427 799 1496 obduxeretenebrae,
811 1431 863 1481 135

64 1497 101 1547 Et
111 1497 241 1547 miserum
252 1509 366 1546 cernens
378 1509 529 1563 agnoscere
541 1496 640 1548 desinit
649 1498 759 1565 Argum,

66 1565 112 1617 llle
125 1569 208 1630 caput
217 1563 312 1614 labens
324 1570 352 1615 et
363 1564 418 1615 iam
429 1563 588 1634 languentia
599 1565 678 1628 colla,

67 1635 132 1687 Viso
145 1639 234 1701 patre,
245 1632 332 1684 levat:
344 1647 398 1686 vox
409 1633 504 1687 fauces
515 1633 589 1686 nulla
600 1635 703 1688 solutas

68 1703 263 1770 Prosequiturt
275 1704 362 1755 tacito
373 1709 478 1755 tuntum
490 1705 560 1772 petit
570 1704 665 1756 oscula
675 1706 760 1770 vultu,

63 1773 217 1841 invitatque
228 1772 315 1840 patri·
327 1772 479 1825 claudenda
487 1774 522 1826 ad
532 1773 635 1826 lumina
644 1775 778 1827 dextrum.
814 1778 865 1828 140

64 1843 99 1894 Ut
109 1848 223 1910 torpore
234 1855 319 1894 senex
330 1844 428 1906 caruit,
438 1844 510 1896 vires
529 1859 564 1896 ue
576 1851 703 1896 cruentus

63 1912 161 1980 Coepit
170 1908 274 1963 habere
286 1910 373 1974 dolor,
384 1911 448 1966 Non
457 1929 507 1981 per
544 1931 567 1964 m
580 1923 713 1982 tempora,
726 1915 805 1978 dixit,

62 1982 85 2032 Α
97 1980 183 2031 saevit
192 1980 324 2048 permista
332 1982 396 2043 deis,
405 1980 580 2052 unguiumque
589 1984 697 2037 senilem

63 2048 233 2120 Consortium.
265 2048 376 2100 Veniam
388 2052 484 2102 misero
495 2053 608 2103 concede
613 2053 737 2119 parenti,

63 2117 145 2185 Arge,
156 2119 227 2182 quod
237 2119 389 2184 amplexus,
400 2128 521 2171 extrema
533 2122 604 2187 quud
613 2125 705 2174 utenda
711 2123 790 2192 fugi.
811 2126 862 2176 145

63 2184 189 2237 Nondum
200 2185 326 2238 destituit
336 2187 439 2238 calidus
451 2197 500 2239 tua
510 2190 623 2240 enatuere
635 2190 757 2258 mrrguia,

64 2254 294 2318 Semianimesque
304 2253 386 2314 iaces,
398 2264 424 2305 et
435 2255 607 2320 adlucpoter
619 2273 673 2309 em
684 2271 825 2325 superstes.

62 2324 107 2373 Sic
118 2321 200 2386 fatus,
212 2321 334 2391 quamvis
347 2323 472 2389 capulum
484 2338 534 2391 per
543 2324 651 2377 uiscera
659 2328 735 2378 missi

63 2391 201 2444 Polluerat
211 2392 303 2462 gladfi,
314 2396 405 2443 tamen
417 2392 473 2444 alta
482 2392 531 2442 sub
543 2405 664 2459 aequora
671 2396 761 2447 tendit

58 2462 206 2529 Praecipiti
218 2463 299 2513 saltu.
327 2460 427 2512 Letum
440 2459 607 2528 praecedere
618 2464 675 2514 nati
807 2468 859 2518 150

57 2531 243 2583 Festinantem
255 2532 372 2585 maumam
384 2533 466 2582 morti
477 2546 531 2582 nun
542 2530 658 2584 eredidit
668 2535 722 2584 uni.

93 2599 284 2652 inclinantiam
291 2599 350 2651 fata
357 2600 469 2651 dueum:
480 2603 590 2653 neeiam
598 2601 712 2668 amplius
719 2617 820 2671 anceps

58 2669 125 2719 Belli
140 2685 219 2722 casus
231 2677 304 2722 erut:
319 2669 419 2722 Graiae
431 2684 495 2738 pars
507 2671 627 2723 maxima
638 2671 732 2724 classis

56 2736 206 2856 Μὶπςὶῐιιτε
220 2747 263 2790 ast
274 2739 343 2791 aliae
355 2746 462 2792 mutato
473 2742 577 2810 remige
588 2754 694 2808 puppes

120 2821 263 2859 uersus.
568 2840 574 2845 -
