1980 3074
208 178 242 230 50
383 179 420 228 Μ.
455 176 554 228 siin.
592 176 767 228 isUCANi

208 297 302 347 Lucus
312 303 372 346 erat
382 296 463 362 longo
475 311 619 363 numquam
630 295 746 345 violatus
757 296 791 346 ab
804 310 881 354 aevo,

149 367 200 416 400
211 365 362 416 Obscurum
374 365 484 431 cingens
494 365 623 415 connexis
633 378 698 416 aera
708 365 799 424 ramis,

208 434 245 485 Et
255 432 359 501 gelidas
371 433 425 483 ulte
435 431 568 482 submotis
577 433 679 483 solibus
689 432 807 482 umbras.

208 501 289 553 Hunc
300 517 353 550 ιιιιιι
364 500 601 561 ruricolaei’unes,
612 515 805 569 nemorumque
817 506 946 568 potentes

208 568 308 622 Silvani
321 566 518 636 Nymphaeque
528 575 631 632 tenent,
643 569 691 621 sed
700 569 820 620 barbara
829 571 882 619 ritu

207 637 294 691 Sacra
305 639 395 700 deum,
405 643 528 688 stnrctoe
537 638 603 689 diris
614 639 745 690 nitoribus
756 653 834 699 srae;

147 708 199 760 405
210 708 357 773 Omnisque
367 703 492 758 humanis
502 706 618 758 instrata
628 707 770 758 cruoribus
781 705 872 758 arbos.

207 774 237 828 Si
247 791 301 843 qua
312 775 392 826 isdem
402 775 502 825 meruit
512 790 626 844 superos
636 777 736 827 mirata
744 781 876 836 vetustas,

208 845 262 895 iilis
273 850 302 894 et
312 843 437 894 volueres
446 851 571 894 metuunt
579 845 706 895 insistere
717 845 809 906 ramis,

209 914 247 964 Et
255 913 348 962 lustris
358 911 491 962 recubare
502 912 591 963 ierac:
604 928 655 964 uec
664 920 762 963 ventus
771 913 799 963 in
808 911 870 963 ilias

209 980 335 1031 Incubuit
345 980 435 1041 siivas,
447 995 617 1049 excussaque
626 981 742 1039 nubibus
752 982 819 1032 atris

148 1051 199 1102 410
208 1049 342 1117 Fulgura:
353 1063 408 1098 non
419 1049 479 1099 uitis
490 1047 613 1100 frondem
625 1049 818 1117 praebentibus
827 1050 911 1110 auris,

209 1116 356 1168 Arboribus
367 1132 433 1167 suus
443 1115 542 1167 horror
551 1119 631 1169 inest.
654 1119 726 1169 Tum
736 1118 853 1184 piurima
862 1119 948 1184 nigris

207 1185 420 1237 Fontibusunda
426 1185 509 1248 cadit,
515 1188 714 1254 simulacraque
720 1193 826 1237 moesta
832 1185 947 1236 deorum

207 1257 274 1306 Arte
284 1261 389 1317 carent,
401 1255 543 1322 caesisque
554 1263 650 1306 extant
659 1254 788 1306 insomnia
798 1256 911 1305 muricis.

209 1326 271 1391 ipse
282 1324 360 1385 situs,
371 1325 498 1391 putrique
509 1323 577 1375 iaeit
586 1326 640 1375 iarn
651 1324 751 1374 robore
763 1323 851 1390 pailor

147 1392 201 1445 sis
210 1393 362 1444 Attonitos:
377 1408 431 1443 non
442 1393 558 1461 vulgatis
568 1399 678 1444 sacrata
688 1393 782 1461 figuris

208 1462 326 1514 Numina
335 1463 375 1513 sic
386 1469 522 1512 metuunt:
537 1469 644 1514 tantum
655 1461 806 1512 terroribus
816 1461 903 1522 addit,

210 1532 285 1593 Quos
297 1531 413 1582 timeant
423 1546 477 1580 non
487 1546 568 1582 nosse
580 1531 655 1582 deos.
683 1531 741 1580 lam
754 1528 829 1580 fama
839 1527 947 1578 ferebat

208 1598 299 1666 Saepe
309 1614 392 1649 cavas
402 1607 477 1649 motu
487 1606 578 1650 terrae
588 1599 693 1667 mugire
704 1612 844 1658 caraman,

207 1669 246 1718 Et
256 1668 466 1734 procumbentes
476 1668 574 1718 iterum
587 1682 754 1736 consurgere
764 1672 853 1727 taxos,

148 1737 200 1788 420
211 1737 249 1787 Et
258 1752 312 1786 non
325 1735 445 1786 ardentis
455 1734 560 1804 fulgere
568 1736 695 1787 incendia
705 1735 798 1796 silvae,

208 1805 374 1871 Roboraque
384 1803 525 1869 amplexos
535 1804 749 1857 circumfluxisse
758 1802 903 1855 dracones.

209 1873 271 1925 Non
280 1873 356 1923 illum
367 1871 441 1923 cultu
452 1873 545 1940 populi
555 1876 683 1942 propiore
694 1873 877 1941 frequentant,

209 1940 265 1994 Sed
276 1955 384 1992 cessere
394 1942 460 1992 deis.
479 1942 572 1992 Medio
585 1959 646 1994 cum
657 1940 784 1994 Phoebus
793 1941 821 1992 in
832 1956 886 1994 are
897 1950 949 1999 est.

209 2013 264 2062 Aut
273 2010 379 2061 coelum
389 2024 443 2060 uox
455 2017 515 2062 atra
524 2018 608 2074 tenet,
619 2018 700 2080 pavet
711 2012 770 2078 ipse
782 2011 913 2062 sacerdos

148 2079 201 2133 425
212 2082 353 2141 decessus,
363 2078 554 2147 dominumque
566 2081 645 2132 timet
652 2079 821 2146 deprendere
831 2078 896 2129 isici.

260 2148 341 2199 Hanc
350 2148 426 2199 iubet
435 2149 555 2200 immisso
566 2149 660 2200 silvanr
671 2147 849 2215 procumbere
859 2147 950 2199 terni:

209 2217 279 2269 Narn
289 2217 379 2268 meina
389 2220 474 2285 operi,
485 2218 611 2285 belloque
620 2218 727 2268 intacta
736 2217 828 2283 priore

209 2288 285 2338 inter
294 2285 412 2338 nudatos
421 2287 513 2337 stabat
524 2286 685 2338 densissima
695 2292 810 2337 montes.

211 2354 265 2407 Sed
275 2354 362 2407 fortes
372 2363 509 2406 tremuere
520 2371 625 2418 manus,
635 2356 757 2422 ntotique
768 2355 889 2405 verenda

147 2424 199 2475 400
209 2425 356 2476 Maiestate
365 2424 430 2487 ioci,
440 2425 462 2474 si
474 2424 576 2474 robora
585 2439 665 2475 sacra
676 2423 798 2484 ferirent,

208 2495 240 2544 1ιι
250 2509 301 2545 sua
310 2493 459 2544 credebant
469 2493 604 2543 redituras
614 2493 737 2544 ntenrbra
746 2505 866 2543 secures.

209 2561 359 2629 Implicitas
370 2576 469 2629 magno
481 2563 583 2611 Caesar
592 2567 705 2626 torpore
716 2557 845 2612 cobortes

210 2633 246 2682 Ut
257 2630 333 2690 vidit,
345 2631 446 2696 primus
458 2635 564 2695 raptam
574 2630 682 2681 vibrare
690 2630 835 2696 bipennem

210 2701 306 2759 Ausus,
317 2706 345 2748 et
356 2700 457 2749 aeriam
471 2697 544 2748 ferro
554 2698 729 2763 proscindere
741 2712 881 2765 quercum.
