1980 3074
201 208 489 261 Putassbll.
525 207 614 259 [ΑΒ.
642 209 677 262 V.
772 213 805 264 93

70 329 244 384 collaudant:
264 327 382 393 Libyam
401 341 435 377 ue
444 327 547 388 iubent,
559 334 672 380 auctore
683 337 789 393 senatu,

71 397 238 466 Sceptrifero
249 409 347 462 parere
358 342 450 446 luhae.
477 395 532 445 Pro
545 396 636 446 tristia
644 396 715 448 fatal

72 471 113 520 En
123 466 182 528 tibi,
192 480 247 515 non
257 463 328 514 lidae
339 464 427 530 gentis
438 462 593 530 dignissime
604 478 699 532 reguo,

71 539 219 594 Fortunae,
229 532 398 592 Ptolemaeo,
408 530 504 597 pudor,
518 532 674 600 crimenque
681 534 803 599 deorum,

72 606 187 671 cingere
197 601 309 652 Pellaeo
319 613 430 666 pressos
441 598 595 649 diademate
606 601 694 653 crines
830 605 863 656 dt)

71 673 245 724 Permissum.
257 666 829 737 Saevuminpopulos,puer,accipisensem:

71 744 158 809 Atque
169 741 272 789 utinam
281 738 309 787 in
319 734 448 802 populos}
460 736 572 786 Donata
581 744 624 788 ost
634 739 711 806 regia
719 740 803 810 Lagl3

71 810 192 862 Accessit
201 806 295 873 Magni
303 805 425 873 iugulusr
436 819 604 872 regnumque
614 808 703 858 sorori

70 880 201 944 Ereptum
212 883 267 935 est,
279 888 431 940 soceroque
441 872 528 925 nefas.

493 941 551 993 lam
561 943 643 994 turba
651 944 741 996 soluto

68 1019 149 1069 Arma
159 1016 227 1082 petit
238 1020 328 1064 coetu.
348 1012 425 1072 Quae
437 1026 498 1062 cum
508 1011 652 1080 populique
664 1012 800 1082 ducesque
830 1014 863 1065 65

69 1085 182 1137 Casibus
191 1082 317 1142 incertis,
329 1088 357 1131 et
368 1095 453 1132 caeca
463 1087 539 1131 sorta
549 1087 687 1146 pararent,

67 1153 149 1206 Solus
158 1154 187 1203 in
198 1151 330 1217 ancipites
340 1151 439 1200 metuit
450 1148 616 1200 descendere
627 1150 726 1202 Martis

68 1223 169 1290 Appius
181 1226 308 1272 eventus:
332 1219 468 1286 finemque
479 1232 642 1286 expromere
652 1234 743 1270 rerum

70 1290 206 1343 Sollicitat
215 1302 344 1354 superos,
359 1287 513 1354 multosque
525 1285 647 1338 obducta
658 1302 707 1354 per
718 1303 804 1341 annos

70 1357 204 1425 Delphica
215 1356 322 1408 fatidici
332 1362 438 1407 reserat
450 1356 601 1424 penetralia
610 1354 724 1407 Phoebi.
829 1361 862 1408 70

122 1428 258 1493 Hesperio
269 1429 522 1491 consummantum
532 1424 674 1476 submotus
684 1427 744 1478 Eoo

72 1497 197 1556 Cardine,
217 1495 354 1545 Parnasus
365 1493 472 1561 gemino
482 1494 551 1558 petit
561 1492 675 1545 aethera
686 1495 763 1558 colle,

71 1566 153 1616 Mons
173 1561 286 1614 Phoebo
306 1561 471 1629 Bromioque
496 1577 588 1614 sacer:
614 1565 658 1614 cui
679 1566 786 1616 numine

544 1633 630 1682 mixto

74 1699 207 1769 Delphica
218 1697 367 1750 Thebanae
377 1698 499 1751 referunt
514 1701 655 1752 trieterica
668 1701 803 1754 Bacchae.

71 1771 135 1822 lloe
146 1770 246 1832 solum,
258 1767 437 1819 lluctuterres
448 1775 601 1837 mergente,
614 1785 743 1822 cacumen
829 1771 863 1821 15

71 1840 203 1902 Emicuit,
213 1844 353 1905 pontoque
363 1835 416 1888 suit
426 1837 586 1901 discrimen,
599 1845 627 1890 et
638 1841 727 1892 astris.

72 1909 116 1960 'l'u
131 1922 239 1977 quoque
254 1908 299 1957 vix
314 1920 447 1956 summam
467 1907 596 1958 seductus
612 1909 645 1959 ab
668 1923 787 1976 aequore

545 1992 576 2026 ru
597 1992 640 2028 em

72 2044 233 2106 Extuleras,
243 2058 353 2111 unoque
362 2045 441 2112 iugo,
452 1992 710 2107 ParnasePIatebas.

72 2113 154 2165 Vltor
163 2111 201 2162 ibi
212 2112 356 2178 expulsae,
367 2119 505 2179 premeret
514 2128 576 2164 oum
587 2117 693 2167 viscera
701 2131 805 2183 partus,

72 2180 184 2241 Matris,
196 2178 285 2232 adhuc
295 2181 406 2232 ruthbus
416 2181 508 2233 Paean
518 2180 649 2247 Pythona
659 2184 766 2250 sagittis
832 2185 865 2233 80

71 2247 220 2314 Explicuit,
227 2247 495 2317 cumregnaThemls
504 2251 681 2318 tripodasque
692 2256 805 2304 teneret.

73 2320 110 2370 Ut
118 2316 187 2368 ridlt
195 2316 288 2382 Paean
299 2326 392 2369 vastos
401 2318 507 2369 telluris
517 2315 608 2369 hiatus

72 2387 200 2439 Divinam
211 2386 316 2454 spirare
326 2384 423 2449 iidem,
434 2391 586 2453 ventosque
596 2387 725 2455 loquaces

72 2453 210 2509 Exhalare
221 2453 322 2517 solum,
333 2457 419 2507 sacris
429 2470 459 2507 se
469 2454 592 2507 condidit
602 2457 696 2519 antris,

72 2522 724 2592 incubuitqueadyto,ratssibiiactus,hpollo.
834 2526 867 2577 85

126 2594 192 2655 Quis
202 2593 272 2646 latet
280 2590 326 2644 hic
341 2591 486 2660 superum!
508 2594 580 2661 quod
596 2609 696 2645 numen
712 2594 746 2646 ab
764 2610 807 2646 ae·

532 2660 622 2716 ,there
633 2678 756 2730 pressum

73 2733 209 2800 lllgnatur
222 2744 319 2782 caecas
328 2712 461 2780 inclusum
471 2729 595 2784 habitare
608 2731 755 2784 cavernas!
