1980 3074
197 167 231 214 34
375 165 413 215 Μ.
451 161 551 213 An'n'.
587 160 767 212 LUCAM

197 282 336 333 Umbrosis
347 281 464 332 mediam
477 296 531 347 qua
541 280 655 330 collibus
666 282 820 345 Apenninus

196 352 286 418 Erigit
297 350 414 410 ltaliam,
426 349 499 399 nullo
512 364 566 415 qua
575 350 678 398 vertice
689 348 768 398 tellus

196 419 282 469 Altius
294 420 429 480 intumuit,
441 419 606 484 propiusque
618 418 735 468 accessit
746 417 874 484 Olympo.

196 488 277 538 Mons
287 489 360 538 inter
369 488 492 554 geminas
502 486 606 536 medius
618 501 648 536 se
658 486 774 553 porrigit
785 488 872 537 undas

136 556 187 604 400
200 555 302 606 lnierni
314 557 459 621 superique
471 556 567 604 marist
580 555 720 621 collesque
731 564 861 606 coercent

199 625 269 675 Hinc
282 621 429 690 Tyrrhena
438 624 509 674 vado
520 623 580 673 fran
618 629 679 674 ntes
689 639 811 691 aequora
821 624 913 680 Pisae.

197 693 273 743 illinc
285 693 447 744 Dalmaticis
458 692 578 743 obnoxia
607 691 715 743 uctibus
726 694 829 744 Ancon.

197 763 332 813 Fontibus
344 759 388 812 hic
398 768 484 812 rastis
493 763 640 812 immensos
652 763 772 827 concipit
783 777 886 822 amnes,

198 831 376 899 Fluminaque
386 832 414 879 in
426 831 527 898 gemini
537 831 643 896 spargit
653 830 771 881 divortia
780 833 865 896 ponti.

137 900 187 950 4⁰5
200 902 229 950 ln
242 900 350 951 laevum
362 900 486 950 cecidere
498 898 578 959 latus,
590 899 724 965 veloxque
735 900 887 961 Metaurus,

199 969 436 1035 Crustumiumque
446 981 542 1033 rapax,
553 973 581 1016 et
590 968 699 1017 iunctus
710 966 789 1034 Sapis
800 969 906 1030 isauro,

199 1035 333 1104 Senaque,
346 1042 376 1088 et
383 1037 515 1087 Adriacas
526 1037 571 1103 qui
580 1035 708 1086 verberat
718 1037 829 1087 Anlldns
840 1037 942 1089 undas.-

199 1106 314 1173 Quoqne
325 1106 411 1172 magis
422 1105 523 1155 nullum
534 1103 614 1155 tellus
625 1120 654 1155 se
666 1105 747 1156 solvit
756 1108 783 1156 in
795 1121 912 1167 amnem,

198 1175 343 1236 Eridanus,
354 1173 458 1225 fractas
470 1173 589 1224 devolvit
598 1176 625 1224 in
637 1189 759 1240 aequora
770 1175 860 1236 silvas,

137 1245 188 1293 410
199 1245 417 1310 Hesperiamque
439 1241 565 1292 exhaurit
590 1245 676 1309 aquis.
725 1244 804 1293 Hunc
830 1243 926 1295 fabula

613 1327 727 1378 pnmum

196 1381 320 1447 Populea
330 1379 441 1432 llnriurn
452 1381 527 1448 ripas
537 1380 679 1432 umbrasse
691 1395 808 1431 corona:

197 1451 331 1518 Cumque,
348 1450 420 1501 diem
436 1466 552 1517 pronum
562 1457 720 1502 transverso
731 1450 816 1501 limite
828 1450 943 1516 ducens,

197 1517 346 1571 Succendit
355 1517 500 1571 Phaethon
512 1518 691 1588 flagrantibus
702 1517 816 1571 aethera
825 1519 901 1582 loris,

198 1588 358 1657 Gurgitibus
370 1591 456 1656 raptis
466 1590 575 1656 penitus
586 1589 682 1640 tellure
693 1595 814 1655 perusta,

136 1657 187 1706 415
200 1657 281 1708 llunc
291 1655 419 1709 habuisse
432 1673 512 1723 pares
522 1654 659 1708 Phoebeis
669 1657 777 1725 ignibus
788 1657 883 1709 undas

198 1725 259 1776 Nun
270 1727 359 1776 minor
370 1725 415 1776 hic
427 1725 499 1787 Nilo,
510 1727 533 1776 si
545 1741 599 1775 non
609 1742 659 1793 per
671 1728 753 1792 plana
762 1728 879 1778 iacentis

197 1796 315 1863 Aegypti
326 1795 448 1861 Libycas
460 1793 537 1844 Nilus
548 1802 691 1862 stagnaret
701 1811 807 1847 arenas.

198 1864 255 1915 Nec
274 1865 363 1915 minor
385 1861 429 1913 hic
450 1866 536 1926 istro,
557 1865 607 1913 nisi
625 1865 711 1932 qnod,
732 1865 796 1915 dum
817 1872 944 1933 permeat

613 1934 707 1984 orbem

197 2004 276 2064 Ister,
289 2016 402 2052 casuros
411 2004 438 2052 in
451 2002 587 2069 quaelibet
599 2017 721 2071 aequora
730 2002 820 2054 fontes

137 2071 188 2119 420
199 2072 319 2136 Accipit;
331 2077 360 2121 et
370 2069 516 2136 Scythicas
528 2073 584 2122 exit
595 2088 649 2122 non
660 2072 734 2122 solus
744 2073 773 2123 in
783 2071 880 2122 undas.

199 2140 365 2191 Dexteriora
376 2147 472 2206 petens
484 2141 584 2192 montis
596 2141 712 2192 decliila
722 2140 839 2206 Tybrim

198 2208 277 2260 Unda
287 2207 363 2272 lacit,
379 2208 570 2278 Rutubamque
581 2225 686 2261 carum.
722 2208 869 2261 Delabitur
877 2208 945 2263 iorle

199 2278 401 2347 Volturnusqne
412 2279 498 2342 celer,
517 2286 722 2347 nocturnaeque
732 2279 823 2331 editor
838 2293 927 2333 aaran
978 2306 986 2325 n

198 2347 309 2410 Sunius,
321 2355 350 2399 et
360 2349 506 2400 umbrosae
516 2348 590 2399 Liris
601 2363 651 2416 per
660 2363 746 2416 regna
755 2348 881 2401 Maricae
952 2352 955 2357 '

137 2417 187 2466 ⁴25
201 2417 319 2469 Vestinis
329 2418 461 2485 impulsus
472 2419 559 2485 aquis,
570 2417 724 2485 radensque
737 2415 845 2469 suuni
905 2460 914 2469 ..
922 2424 935 2441 ·⁴

197 2487 276 2537 Culta
287 2485 366 2550 Siler,
377 2488 519 2555 nullasque
531 2487 602 2537 vado
614 2486 660 2555 qni
671 2487 769 2539 Macra
779 2501 826 2538 mo

195 2556 286 2617 Alnos,
298 2557 402 2607 neinae
413 2557 550 2625 percurrit
558 2557 586 2606 in
597 2571 720 2624 aequora
728 2555 836 2609 Lunae
884 2594 892 2611 ,.

195 2625 320 2692 Longior
329 2626 430 2676 educto
441 2640 495 2694 qua
505 2626 593 2691 surgit
602 2625 629 2675 in
641 2640 708 2678 aera
716 2625 811 2688 dom,

197 2693 303 2744 Gallica
313 2710 378 2745 rura
387 2694 471 2756 videt,
483 2694 657 2761 devexasque
668 2695 768 2763 aspicia
776 2693 809 2747 :A
