1980 3074
209 175 259 223 128
381 172 418 220 Μ.
454 169 553 222 ANN.
589 169 767 223 buenni

209 290 343 358 Spemque
350 296 506 356 mettimque
517 288 651 340 ierunt·
662 289 773 340 Turbae
783 289 833 340 sod
842 289 944 339 mixtus

678 359 759 409 inerti

146 431 197 479 420
209 427 309 478 Sextus
319 432 388 488 erat,
399 426 501 492 Magno
511 425 603 491 proles
612 425 724 494 indigna
735 431 859 492 parente,

209 497 260 558 Qui
270 509 334 545 mox
344 493 477 560 Scyllaeis
488 494 564 545 exsul
574 501 716 561 grassatus
724 496 752 544 in
763 493 852 555 undis,

207 564 309 616 Polluit
319 577 472 630 aequoreos
482 561 590 614 Siculus
599 564 690 630 pirata
700 560 862 630 triumphos,

208 634 260 695 Qui
270 632 426 684 stimulante
435 637 510 682 rnatu
519 630 570 682 tati
580 646 762 697 praenoscere
774 646 879 694 cursus,

118 727 122 733 ·
204 699 940 770 impatiensquemoraqueuturisqueomnibusaeger,

146 771 197 821 425
207 770 269 822 Non
278 769 402 836 tripodas
412 769 484 831 Deli,
496 783 550 820 non
560 766 662 834 Pythia
673 769 791 821 consulit
799 775 888 832 entra,

206 838 264 890 Neo
275 837 414 906 quaesisse
425 837 501 899 libet,
513 838 606 906 primis
617 838 680 904 quid
690 837 814 906 frugibus
823 837 904 888 ultrix

205 910 275 959 Aere
283 907 355 959 lovis
365 905 484 957 Dodona
493 911 581 968 sonet,
592 907 652 974 quis
661 921 777 958 noscere
786 906 857 957 tlbra

205 977 276 1027 Fata
287 980 378 1043 queat,
390 975 450 1042 quis
460 974 560 1040 prodat
568 988 642 1037 aves,
688 976 713 1026 is
723 974 833 1042 fulgora
842 975 913 1026 etseii

205 1043 311 1106 Servat,
322 1048 351 1094 et
361 1043 474 1108 Assyria
483 1043 655 1094 scrutetursi
674 1058 723 1095 era
733 1058 809 1106 eura,

146 1116 195 1164 ⁴3⁰
206 1114 260 1165 nus
270 1113 294 1164 si
303 1111 367 1180 quid
376 1112 500 1175 tacitum
511 1112 560 1163 sed
571 1110 623 1173 ias,
633 1118 701 1163 erat.
728 1112 777 1164 llle
788 1113 912 1180 superuis

205 1181 379 1234 Detestanda
391 1180 450 1232 deis
460 1194 604 1232 saevorum
614 1195 717 1232 meana
726 1194 870 1250 magorum

205 1250 336 1313 Noverat,
348 1256 379 1302 et
387 1250 480 1301 tristes
490 1250 576 1301 saeris
586 1247 718 1301 feralibus
728 1265 800 1312 uras,

206 1318 368 1372 Umbrarum
379 1319 506 1386 Ditisque
516 1318 613 1370 ndsn=
630 1321 786 1387 miseroque
797 1317 930 1387 liquebat,

206 1388 282 1440 Scire
297 1404 393 1456 parum
410 1402 532 1456 superos.
561 1387 667 1440 Vanum
683 1400 847 1456 saevumque
862 1385 904 1437 iu·

675 1470 766 1509 rorem

145 1526 322 1577 assedisset
331 1527 391 1594 ipse
401 1526 488 1588 loeus,
499 1527 640 1594 vicinoque
652 1527 762 1577 moenia
771 1526 869 1577 eastris

206 1594 416 1657 Haemonidum,
426 1595 485 1645 fleti
495 1609 563 1662 quas
573 1595 646 1645 nulla
654 1594 766 1646 lieentia
775 1594 889 1647 monsffi

208 1662 937 1731 Transierit3quarum,quidquiduonoreditur,arsest.

206 1728 341 1781 Thessala
350 1733 413 1798 quin
424 1732 506 1782 etiam
517 1731 598 1783 tellus
608 1729 761 1800 herbasque
772 1736 904 1784 nocentes

205 1798 327 1865 Rupibus
336 1799 469 1867 ingenuit,
479 1815 645 1868 sensuraque
655 1815 723 1852 saxa
734 1806 864 1854 canentes

144 1869 196 1918 44⁰
208 1870 342 1918 Arcanum
354 1867 440 1919 ferale
450 1868 556 1936 Magos.
584 1868 624 1921 lbi
636 1869 751 1936 piurima
760 1874 876 1949 surgunt

206 1936 268 1987 Vim
279 1934 389 1986 iactura
399 1936 466 1988 deis.
490 1937 527 1988 Et
536 1939 618 1989 terris
629 1936 740 2006 hospita
749 1939 857 1990 colonis

206 2004 288 2073 Legit
297 2005 323 2055 in
335 2004 502 2068 Haemoniis,
514 2021 581 2073 quas
594 2021 648 2058 uon
660 2007 817 2071 advexerat,
828 2005 940 2059 barbas.

206 2074 344 2140 impiatot
354 2074 469 2194 pqplqlis,
481 2080 525 2125 tot
533 2074 629 2127 surdas
641 2075 768 2144 gentibus
778 2089 859 2128 aures

205 2142 371 2194 Coelicolum
441 2145 867 2214 eeonvsrtuutearminogsutis.

145 2213 195 2261 445
206 2212 266 2263 Una
277 2226 326 2278 per
336 2209 480 2264 aethereos
491 2213 549 2264 exit
557 2227 611 2264 vox
620 2213 668 2264 illa
678 2230 811 2278 messurus,

206 2280 351 2349 Verbaque
362 2281 397 2333 ad
406 2282 520 2334 invitum
531 2281 636 2349 perfert
647 2298 680 2335 oo
717 2285 776 2334 ntia
784 2297 894 2346 numen,

206 2349 285 2411 Quod
295 2365 349 2402 non
361 2367 428 2402 eura
436 2351 502 2419 poli,
513 2351 637 2420 coelique
647 2367 682 2404 vo
693 2351 773 2404 ubilis
782 2366 914 2420 umquam

203 2421 313 2471 avocat.
343 2420 485 2472 Infandum
495 2421 587 2488 tegitit
597 2437 658 2472 eum
670 2421 760 2474 sidera
769 2434 902 2485 murman,

203 2489 281 2539 'lune
292 2488 417 2555 Babylon
428 2490 531 2542 Persea
540 2488 614 2554 lieet,
630 2497 791 2559 secretaque
800 2488 943 2557 Memphis

143 2556 193 2604 450
206 2557 292 2608 Omne
301 2564 472 2610 vetustorum
483 2557 572 2610 solvat
582 2559 722 2626 penetrale
735 2560 895 2628 Magonem

203 2625 318 2677 ⁴ibduoit
328 2643 442 2694 superos
453 2630 546 2680 abenis
559 2627 697 2682 Thessalis
709 2629 772 2682 aris.

204 2696 329 2747 Carmine
335 2695 524 2748 Thessalidum
537 2697 605 2749 dura
614 2699 641 2749 in
652 2699 815 2766 praecordia
825 2697 908 2749 bittit
