1980 3074
139 171 185 218 ltu
308 171 346 220 Μ.
381 167 483 222 ANN.
518 166 693 223 Luculli

139 287 175 338 Ut
186 288 302 353 primum
314 295 392 338 vasto
403 299 497 353 septas
508 287 584 337 videt
593 301 693 353 aggere
703 295 802 339 terras.

97 358 129 404 lii
141 356 202 420 lpse
214 370 324 424 quoque
336 370 353 406 a
364 361 424 405 tuta
435 356 572 406 deducens
584 356 692 421 agmina
702 363 782 420 potrs

139 423 262 475 Diversis
273 425 378 492 spargit
388 424 507 485 tumulis,
518 430 548 475 ut
560 423 685 475 Gaesams
696 437 774 474 arma

140 491 241 555 Laxet,
253 500 281 543 et
292 491 379 544 alfuso
391 493 561 543 claudentem
573 490 657 542 milite
669 492 773 543 tendat.

140 563 176 612 At
184 567 291 612 tantum
302 562 373 628 septi
382 561 453 613 vallo
463 561 515 611 sibi
526 559 647 610 vindicat
708 561 726 621 ¹,

51 650 54 655 ·
141 629 232 680 Parva
241 629 412 695 Mycenaeae
423 637 553 698 quantum
564 636 675 680 sacrata
712 629 791 678 'auae

99 700 132 748 'ab
144 698 237 749 Distat
246 697 280 750 ab
291 699 401 750 excelsa
411 698 556 750 nemoralis
566 698 658 749 Aricia
667 697 769 748 Romat

144 767 258 835 Quoquo
270 768 362 829 modo,
372 767 477 818 Rome
484 765 642 833 praelapsus
652 766 770 828 moenia,
777 767 881 832 Tybris

144 837 173 886 ln
185 851 260 886 mare
271 836 422 896 descendit,
432 837 456 886 si
465 850 597 902 nusquam
609 840 738 902 torqueat
748 849 866 885 amnem.

145 903 266 955 Classica
276 904 350 954 nulla
360 911 467 966 sonant,
478 905 635 971 iniussaque
644 903 701 954 tela
710 909 861 970 vagantur:

143 973 180 1022 Et
192 972 223 1022 fit
233 986 315 1039 saepe
326 972 412 1035 nefas,
423 973 541 1024 iaculum
551 979 675 1023 tentante
683 971 798 1022 lacerto.

101 1045 134 1090 bil
145 1040 237 1091 Mitior
250 1056 317 1091 cura
327 1041 411 1092 duces
423 1041 568 1092 miscendis
579 1037 714 1092 abstrahit
723 1041 815 1091 masis.

144 1108 304 1176 Pompeium
315 1108 465 1161 exhaustae
472 1108 883 1177 praebendaadpabulaterrse,

147 1177 223 1240 Quae
233 1193 345 1229 currens
355 1177 467 1230 obtrivit
479 1194 571 1247 eques,
581 1178 765 1247 gradibusque
777 1176 873 1228 citatis

146 1247 186 1299 Un
223 1246 251 1298 la
260 1246 433 1300 frondentem
443 1248 571 1299 discussit
582 1262 684 1299 cornea
694 1260 830 1312 campum.

147 1316 186 1366 Be
207 1317 266 1385 iger
276 1316 399 1368 adtonsis
409 1318 519 1382 sonipes
530 1315 654 1368 dolesum
664 1316 693 1366 in
704 1315 786 1377 arvis,

105 1385 137 1433 tib
147 1384 283 1438 Advectos
295 1401 357 1437 cum
368 1386 450 1454 plena
460 1385 552 1437 ferant
561 1385 705 1452 praesepia
715 1383 831 1444 culmos,

145 1454 200 1506 Ore
212 1471 297 1507 novas
307 1470 425 1522 poscens
435 1454 612 1506 moribundus
622 1453 723 1504 inbitur
732 1448 844 1514 herbas,

32 1574 36 1581 ,
145 1524 182 1575 Et
192 1523 309 1576 aemulo
320 1524 426 1576 medios
437 1524 574 1591 abrumpit
582 1523 686 1591 poplite
696 1535 791 1588 gyros.

147 1592 270 1659 Corpora
281 1593 345 1643 dum
356 1594 438 1644 solvit
448 1593 538 1655 tabes,
549 1599 578 1644 et
589 1591 689 1659 digerit
700 1596 787 1651 artius,

146 1661 245 1711 Traxit
253 1662 327 1711 iners
340 1661 447 1711 coelum
456 1660 557 1712 liuidae
568 1661 697 1727 contagia
706 1659 791 1725 pestis

104 1730 136 1780 ill
148 1729 298 1780 Obscuram
310 1731 338 1778 in
350 1729 457 1780 nubem.
486 1729 548 1780 Tali
558 1730 706 1796 spiramine
716 1725 796 1779 Nesis

147 1798 256 1848 Emittit
267 1796 392 1863 Stygium
404 1797 542 1849 nebulosis
553 1813 619 1850 aera
629 1798 712 1859 saxis,

147 1868 284 1934 Antraque
293 1863 395 1916 letiferi
404 1867 508 1917 rabiem
521 1863 664 1934 Typhonis
675 1862 814 1919 anhelant.

148 1933 214 1986 inde
223 1933 318 1985 labant
327 1934 429 2001 populi,
441 1936 574 2003 coeloque
585 1936 708 2002 paratior
717 1935 792 1986 unda

148 2004 235 2054 Omne
245 2003 303 2070 pati
312 2004 386 2054 virus
394 2004 502 2056 duravit
512 2005 618 2056 viscera
628 2019 725 2056 coeno.

106 2073 138 2122 ⁹5
150 2074 208 2124 lam
218 2074 290 2140 riget
300 2080 362 2124 atra
372 2074 451 2136 cutis,
463 2073 636 2142 distentaque
645 2073 748 2124 lumina
758 2076 876 2141 rumpite

149 2142 285 2211 igneaque
295 2142 323 2193 in
334 2142 434 2206 vultos,
445 2148 474 2194 et
484 2158 564 2195 sacro
575 2142 681 2194 fervida
690 2143 787 2195 morbo

148 2211 238 2263 l‘estis
250 2211 316 2274 abit,
328 2211 484 2281 fessamque
496 2218 579 2280 caput
588 2228 619 2264 se
628 2211 702 2264 ferre
711 2220 833 2263 recusat.

148 2279 887 2351 lammagisatquemagispraecepssgitomulslatunt

149 2346 207 2399 Nec
217 2350 298 2400 medii
309 2350 438 2403 dirimunt
447 2351 536 2402 morbi
545 2352 629 2401 vitam
648 2364 855 2416 nauseamque,

93 2418 140 2466 liltl
152 2416 206 2468 Sed
217 2416 588 2486 languorcarnmortevenitr
698 2416 890 2470 accedentum

150 2485 331 2549 luctamen«
379 2489 527 2541 rnixtalsn
551 2489 677 2538 intincon
706 2486 813 2538 teritis

152 2556 284 2623 ‘'orpors.
355 2557 519 2609 „nicetem
551 2555 801 2607 usteomrincives

199 2638 223 2679 tr.
287 2658 298 2680 .
355 2632 468 2679 ussat.
483 2625 515 2677 Ti
551 2621 894 2677 reshosmisuerelaborss

150 2719 173 2747 rs
503 2709 507 2736 ¹
560 2719 571 2747 s
640 2719 737 2745 omnus
748 2705 807 2745 lter.
