1980 3074
69 209 334 262 *urlsssshln
369 209 459 259 ΜΒ.
488 207 539 260 vl.
614 206 664 258 idi

69 349 72 376 r
82 335 172 391 uocat,
182 343 233 378 nee
244 327 328 378 llbras
337 327 384 376 illa
394 326 495 376 litantis

69 411 178 448 iuereas
189 395 242 447 ar'ls
251 396 391 462 lmponere
402 393 525 444 flammas
674 393 723 443 525

69 472 96 517 et
105 479 223 517 accenso
232 465 323 530 rapuit
333 477 402 529 quae
413 469 476 512 tura
487 462 621 528 sepulcro.

69 535 111 586 ins
121 533 211 601 superi
221 534 309 599 prima
316 532 371 580 lam
382 544 450 580 voce
462 530 598 596 precantis

69 609 105 666 nt,
117 616 280 668 carmenque
290 600 387 650 timent
398 598 492 648 audire
503 596 659 648 seeundum.

79 673 191 733 animas,
204 677 233 720 et
243 666 331 720 adhuc
341 682 390 718 sua
400 666 522 716 membra
530 670 665 734 regentes,

70 747 146 791 usto:
168 738 233 789 fatis
245 735 404 788 debentrlrus
415 751 500 786 annos
674 737 724 786 530

69 811 107 860 ita
117 808 202 859 subin
240 821 350 857 ers-ersa
360 803 456 854 funera
467 817 567 872 pompa

74 876 198 929 tumulis:
215 823 310 942 digere
317 873 451 924 cadavera
461 872 553 924 letum.

71 946 219 997 siurenum
232 945 345 1005 cineres,
357 941 533 1010 ardentiaque
544 957 607 993 ossa

81 1015 153 1080 rapit
162 1012 208 1063 illa
218 1012 301 1080 rogis,
310 1012 459 1078 ipsamque,
470 1019 595 1078 parentes

70 1097 158 1144 nuere,
171 1079 273 1131 facem:
293 1081 424 1148 nigroque
433 1079 554 1131 volantia
563 1079 637 1130 furno
673 1082 722 1130 535

70 1155 206 1218 tegmenta
215 1149 277 1212 tori,
289 1156 432 1216 testesque
442 1147 556 1199 fluentes

70 1236 83 1269 n
94 1220 208 1280 cineres,
219 1223 247 1268 et
261 1217 365 1268 olentes
375 1217 496 1267 membra
507 1216 620 1266 favillas.

70 1292 195 1338 ertantur
205 1287 287 1349 saxis,
298 1286 393 1353 quibus
405 1285 514 1335 intimus
525 1282 622 1334 humor

73 1360 102 1405 et
110 1359 200 1405 tracta
209 1354 354 1405 durescunt
365 1352 428 1404 tabe
440 1352 572 1403 medullae

70 1439 76 1486 5
95 1427 161 1473 tune
170 1437 262 1475 omnes
273 1422 352 1474 aride
363 1421 485 1472 desaevit
497 1421 523 1470 in
536 1427 620 1481 artus,
674 1420 725 1470 540

70 1495 127 1558 tque
137 1504 229 1544 manus
241 1491 335 1553 oeulis,
347 1489 501 1558 gaudetque
511 1487 617 1556 gelatos

70 1557 174 1622 sorbes,
184 1565 212 1611 ot
221 1563 311 1612 siccae
322 1558 424 1626 pallida
434 1557 507 1608 rodit

70 1633 122 1678 unta
131 1640 238 1680 manns:
248 1629 373 1696 laqueum
384 1627 524 1695 nudosque
534 1635 663 1678 nocentes

70 1695 150 1764 rupit:
169 1697 315 1765 pendentia
325 1711 441 1764 corpora
453 1697 562 1764 carpsit,

70 1780 217 1817 uecruees:
237 1767 534 1835 percussaquem'scera
546 1767 642 1817 nimbis
675 1767 725 1816 545

70 1835 209 1886 tineoetas
219 1835 337 1886 admisso
349 1835 406 1886 sule
416 1835 556 1886 medullas.

70 1902 204 1955 imanlbus
215 1902 367 1971 chalybem,
377 1904 535 1972 nigramque
546 1912 675 1970 perartns

70 1989 74 2022 ι
84 1970 140 2023 tabi
153 1972 264 2036 saniem,
275 1974 400 2040 virusque
411 1979 536 2024 eoactum

72 2045 110 2103 et,
121 2054 203 2091 nervo
214 2056 320 2093 morsus
330 2042 472 2103 retinente,
483 2041 618 2108 pependit.

70 2123 176 2176 tumque
185 2111 258 2161 lacet
268 2110 341 2160 nudn
351 2109 446 2159 tellure
458 2109 584 2169 cndnver,
676 2110 726 2157 55⁰

70 2192 97 2228 as
107 2177 284 2246 volucresque
295 2177 384 2228 sedett
404 2191 454 2226 nec
467 2190 579 2241 carpere
588 2189 670 2225 mem·

407 2244 458 2294 bra

71 2329 89 2365 n
100 2313 277 2382 mentiturque
284 2313 348 2376 suis,
358 2325 518 2379 morsusque
529 2311 652 2378 luporum

70 2388 100 2446 tt,
111 2383 191 2435 slecis
202 2389 314 2502 Ἴωνα
326 2379 475 2432 afauollms
486 2384 569 2430 artus.

70 2457 138 2504 irunt
148 2467 165 2504 n
176 2466 226 2503 eae
247 2467 261 2502 e
272 2465 377 2512 manus,
388 2450 410 2500 si
421 2447 551 2516 sangiune
563 2448 622 2497 rirn

72 2557 79 2582 ,
92 2526 215 2587 erumpat
224 2520 316 2588 iugulo
328 2519 373 2587 qui
383 2519 485 2587 primus
496 2512 615 2584 apertu]
679 2515 727 2564 555

99 2589 227 2653 tenedes,
238 2589 326 2639 sirum
338 2589 361 2639 si
371 2601 451 2639 sacra
461 2598 594 2645 cruorem,

108 2671 206 2709 nereae
216 2663 332 2726 poscunt
341 2655 505 2723 trepidantia
514 2666 635 2704 mensae:

71 2725 111 2775 sle
120 2726 230 2788 ventris,
241 2740 304 2786 nnn,
316 2739 369 2790 qua
378 2729 477 2774 natura
486 2719 613 2842 'vacabam
