1994 3082
224 214 507 268 Ptllltslbtn.
544 218 633 268 biit.
662 219 718 270 lli.
807 219 841 270 5⁹

103 334 140 384 Et
150 332 251 383 crudae
261 335 333 399 putri
346 332 482 384 fluxerunt
492 334 602 401 pulvere
614 345 716 386 cautes.

103 400 262 462 Procubuit,
272 403 413 468 maiorque
423 403 516 453 iacens
530 403 656 469 adparuit
668 418 760 472 agger.

155 469 224 535 Spes
235 470 313 520 victis
324 469 427 520 telluris
439 470 504 532 abit,
515 471 671 539 placuitque
684 471 819 538 profundo

104 539 253 589 Fortunam
262 545 369 588 tentare
379 539 456 588 mari.
486 537 547 590 Non
558 539 658 590 robore
670 541 744 607 picto
849 545 900 593 515

103 609 221 658 Ornatas
233 607 324 657 decuit
335 605 441 673 fulgens
451 606 538 658 tutele
550 609 666 669 carinus,

103 675 156 726 Sed
169 674 251 736 rudis,
263 682 292 725 et
302 674 388 742 quelis
399 675 553 741 procumbit
563 677 708 738 montibus,
720 677 802 729 arbor

103 743 268 805 Conseritur,
279 743 383 794 stabilis
393 742 534 794 nevulibus
545 759 611 795 aree
620 744 705 795 bellis.

104 813 138 860 Et
149 813 203 861 ium
214 813 378 879 turrigeram
388 811 467 862 bruti
478 812 610 862 cenritste
619 814 738 864 cuninam
802 871 805 878 ,

104 880 223 931 Venerat
231 880 259 929 in
270 879 369 930 fluctus
379 878 505 931 Rbctleni
517 894 578 930 cnm
589 883 696 949 gurgite
708 882 812 946 classis,
847 886 898 935 515

102 945 452 1000 Stoechadosurvetenens.
463 947 581 999 Necnon
588 955 615 999 et
621 948 706 1002 Grais
711 951 837 1003 iuventus

102 1018 189 1067 Omne
200 1032 277 1067 suum
287 1016 350 1068 ictis
362 1016 446 1068 veluit
457 1019 627 1069 committere
637 1019 733 1069 robur:

102 1085 334 1152 Grandaevosque
343 1100 422 1136 senes
433 1087 524 1137 nrixtb
534 1087 650 1137 armarit
659 1086 778 1154 ephebis.

100 1154 214 1220 Accepit
223 1169 276 1204 nnn
289 1153 348 1205 sule
359 1155 440 1216 viros,
452 1169 521 1222 quse
531 1155 623 1206 stabat
631 1156 659 1206 in
669 1155 758 1217 undis,

101 1223 215 1283 Classis3
228 1229 256 1272 et
268 1222 395 1273 emeritus
405 1229 532 1288 repetunt
542 1222 682 1274 nsvulibus
694 1223 778 1274 ulnus.
846 1225 897 1274 52⁰

102 1292 137 1340 Ut
147 1291 296 1340 matutinos
306 1304 437 1357 spargens
446 1305 528 1358 super
539 1305 661 1357 eequcru
670 1289 799 1343 Phoebus

101 1360 195 1426 Fregit
206 1359 282 1425 equis
291 1358 392 1418 radios,
405 1364 433 1409 et
442 1358 512 1410 liber
520 1359 637 1410 nubibus
648 1357 752 1421 aether,

101 1427 139 1477 Et
149 1429 239 1492 posite
251 1426 350 1488 Borea,
363 1441 511 1494 pacemque
521 1427 677 1478 tenentibus
686 1428 801 1489 Austris,

101 1494 243 1546 Servatum
253 1494 325 1544 bello
334 1496 418 1545 iacuit
429 1509 513 1557 mere,
523 1496 609 1545 merit
618 1495 653 1546 ab
664 1497 737 1546 omni

102 1565 221 1630 Quisque
231 1578 309 1613 suam
319 1564 437 1613 statione
448 1563 713 1630 retem‚peribusque
724 1563 835 1616 lacertis
846 1566 896 1616 525

101 1633 224 1682 Caesaris
235 1629 298 1681 hinc
329 1631 404 1692 ubes,
414 1628 477 1682 hinc
489 1630 574 1682 ersis
586 1633 688 1701 remige
701 1631 796 1684 classis

101 1700 228 1750 Tollitur:
239 1700 296 1766 imp
340 1714 372 1750 ee
382 1701 468 1751 tonsis
478 1706 612 1751 tremuere
623 1702 743 1764 carinae,

101 1769 254 1835 Crebraque
265 1766 393 1819 sublimes
405 1768 559 1820 convellunt
567 1769 683 1821 verbere
693 1785 805 1839 puppes.

101 1839 207 1887 Cornua
218 1837 357 1886 Romanae
369 1837 471 1900 clussis,
483 1837 641 1906 validaeque
651 1839 786 1900 triremes,

101 1906 228 1973 Quasque
240 1912 338 1972 quater
347 1919 460 1974 surgens
471 1907 602 1957 exstructi
612 1908 722 1975 remigis
733 1908 801 1959 crde
845 1909 895 1959 530

101 1972 402 2039 Commouet,etplures
410 1989 478 2042 quae
487 1981 738 2045 mergentesquore
747 1977 834 2044 pinus,

101 2041 262 2109 Multiplices
273 2043 382 2093 cinxere
393 2048 475 2094 rates.
496 2043 558 2094 llcc
569 2043 652 2095 robur
662 2051 759 2111 aperto

99 2112 141 2177 01)
162 2111 261 2160 ositum
273 2110 380 2178 pelago.
408 2110 517 2162 Lunata
528 2111 619 2163 fronte
629 2113 770 2175 recedunt,

99 2180 122 2228 0
157 2179 163 2192 '
184 2185 356 2230 eccnteutae
367 2181 474 2246 gemino
484 2181 603 2232 crevisse
612 2181 742 2232 liburnae.

98 2246 202 2298 Celsior
214 2253 243 2297 et
254 2249 359 2299 cunctis
369 2248 447 2299 Bruti
457 2250 598 2316 praetoria
608 2250 705 2315 puppis
842 2249 892 2299 535

98 2315 264 2366 Verberibus
274 2317 346 2367 senis
356 2318 454 2384 agitne,
464 2316 617 2385 molemque
629 2315 764 2383 profundo

97 2381 212 2446 invehit,
222 2391 251 2434 et
261 2387 372 2436 summis
383 2385 463 2452 longe
474 2386 544 2451 petit
553 2399 674 2452 aequore
684 2385 773 2436 remis.

149 2453 186 2503 Ut
194 2458 299 2504 tentum
311 2453 392 2503 medii
402 2452 493 2503 fueret
502 2454 595 2514 meris,
610 2458 725 2519 utreque
740 2451 833 2504 classis

98 2521 179 2581 Quod
190 2521 273 2572 semel
284 2523 405 2572 excussis
417 2528 512 2588 posset
521 2527 708 2572 transcurrere
719 2523 814 2582 tonsis,

97 2589 347 2642 innumercevustc
359 2591 506 2640 miscentur
515 2591 542 2639 in
554 2587 665 2641 aethere
674 2602 771 2639 voces:
841 2590 892 2639 540

97 2657 296 2724 Remorumque
306 2672 388 2709 senus
398 2659 529 2724 premitur
539 2657 671 2708 clamore:
683 2670 734 2707 nec
745 2656 814 2707 ullae

95 2725 187 2775 Audiri
199 2738 315 2791 peterere
325 2726 415 2776 mbae.
444 2726 522 2775 Tunc
533 2725 643 2777 caerula
651 2733 769 2777 verrunt.
