1980 3074
229 138 522 191 PuuRSAutu.
560 138 649 189 1213.
668 139 702 191 X.
783 140 832 191 232

100 258 248 319 Montibus,
259 268 306 308 aut
318 257 429 309 Boreas.
461 256 550 310 Testis
561 256 612 307 tibi
622 259 674 308 sote
682 254 794 324 perusti

98 327 158 392 ipre
169 329 242 378 color
250 326 353 393 populi,
365 325 497 391 calidique
507 324 651 393 vaporibus
661 327 765 378 Austri.

98 396 182 457 Adde,
193 395 263 461 quod
272 410 348 446 omne
358 401 441 461 caput
443 392 537 462 fluvii,
548 394 730 460 quodcumque
741 398 829 447 sotuta

99 462 276 531 Praecipitat
284 462 401 532 glacies,
411 461 530 530 ingresso
539 477 600 512 aere
610 463 734 514 tumescit

103 535 198 584 Prima
209 533 270 583 tabe
280 532 360 584 niuis:
381 529 462 582 Nilus
473 545 556 595 neque
568 529 681 581 suscitat
694 532 781 584 undas
840 533 890 583 225

99 603 170 654 Ante
184 599 267 653 Canis
278 600 379 661 radios,
389 614 439 652 nec
447 597 515 666 ripis
525 597 633 678 adligat
641 614 744 652 ursonem

101 673 172 724 Ante
179 685 274 738 parem
284 668 369 730 nocti,
379 667 464 720 Libra
477 667 524 719 sub
535 666 630 728 iudice,
642 667 786 720 Phoebum.

100 741 165 792 inde
174 739 257 791 etiam
268 742 290 791 te
313 755 339 790 es
351 737 468 791 otiorum
478 735 561 788 nescit
572 751 723 802 aquarum:

98 809 154 861 Nec
165 818 251 861 tumet
260 755 404 877 budernus,
416 823 485 868 caus,
495 807 573 874 tange
581 808 636 858 soie
645 816 756 870 remoto,

99 875 207 944 Officiis
216 887 291 930 caret
301 876 457 931 nudasuis:
474 875 541 926 dare
552 873 639 926 iussus
650 875 742 942 iniquo
839 878 889 929 230

101 946 264 1013 Temperiem
275 949 358 1009 coeto,
368 945 462 998 mediis
473 943 620 995 aestatibus
631 944 697 1007 exit,

99 1016 153 1068 Sub
164 1024 283 1068 torrente
290 1017 389 1083 plagas
408 1030 441 1067 ne
451 1022 540 1065 terras
551 1013 661 1080 dissipet
673 1014 756 1082 ignis,

98 1085 178 1138 Nilus
189 1086 264 1136 adest
275 1086 384 1144 munda,
395 1092 540 1149 contraque
550 1082 658 1133 incensa
668 1083 767 1135 Leonis

99 1153 157 1206 Ora
168 1161 266 1205 tumet:
289 1151 444 1217 Cancroque
455 1165 530 1200 suam
542 1158 662 1200 torrente
674 1150 783 1218 Syenen,

98 1223 259 1288 Imploratus
269 1221 357 1271 adest:
377 1235 426 1271 nec
435 1232 541 1285 campos
551 1217 649 1268 liberat
660 1219 747 1281 undis,
838 1221 888 1272 235

100 1289 192 1342 Donec
204 1289 232 1340 in
243 1297 401 1339 autumnum
411 1287 526 1338 dectinet
534 1284 666 1347 Phoebus,
679 1295 705 1339 et
717 1287 826 1339 umbras

98 1357 241 1410 Extendat
254 1356 353 1407 Meroe.
385 1352 452 1418 Quis
463 1368 572 1408 caussas
581 1354 691 1406 reddere
699 1357 808 1422 possut

98 1426 145 1480 Sic
155 1425 235 1477 iustit
244 1435 344 1478 natura
352 1439 451 1490 parcns
463 1424 613 1474 discurrere
625 1421 734 1475 Nilum:

98 1495 145 1547 Sic
156 1511 220 1562 opus
230 1504 270 1546 est
281 1495 386 1545 munda.
416 1491 552 1561 Zepbqros
563 1507 665 1558 quoque
675 1508 746 1546 rana
757 1503 828 1546 oetss·

566 1569 623 1612 stas

97 1632 149 1685 His
160 1631 290 1685 adscribit
300 1631 386 1697 aquis,
396 1645 508 1698 quoruus
518 1638 592 1681 stata
603 1629 813 1699 temporaflasus
838 1634 888 1683 240

97 1700 278 1769 Continuique
287 1701 351 1762 dies,
362 1710 389 1751 et
400 1700 429 1752 in
440 1715 505 1750 aera
517 1701 599 1770 longa
606 1709 744 1766 potestas:

102 1771 150 1824 Vel
159 1772 230 1838 quod
239 1771 272 1823 ab
283 1769 393 1822 accidua
399 1770 505 1836 pellunt
516 1778 556 1821 tot
566 1768 657 1822 nubila
668 1771 739 1821 caeto

99 1839 298 1901 TransNotom
309 1848 336 1890 et
346 1837 429 1901 fluuio
439 1847 540 1905 cogunt
549 1837 700 1890 incumbere
711 1838 827 1892 nimbos:

101 1907 150 1960 Vel
159 1909 230 1973 quod
238 1923 322 1976 aquas
333 1908 412 1959 toties
422 1907 571 1974 rumpentis
582 1907 663 1958 litora
675 1906 702 1957 Ν
703 1906 735 1958 iti

97 1975 216 2026 Adsidua
220 1975 341 2046 feriunt,
353 1983 502 2042 coguntque
511 1974 634 2026 resistere
639 1972 752 2042 fluctus.
838 1977 887 2027 245

97 2045 148 2095 tue
158 2059 232 2095 mora
244 2058 351 2103 cursus,
361 2044 516 2109 adversique
527 2043 611 2093 obiice
618 2044 696 2108 ponti

97 2113 213 2164 Aestuat
222 2109 253 2163 iss
264 2124 378 2178 campos·
407 2110 486 2172 Sunt,
496 2109 543 2177 qui
553 2109 701 2176 spiramina
713 2111 796 2161 terris

97 2178 164 2231 Esse
172 2187 284 2248 putent,
293 2194 454 2248 magnosque
464 2193 546 2229 carae
556 2177 692 2246 compagis
702 2177 802 2231 bintus.

98 2248 234 2301 Commeat
244 2247 295 2300 bac
303 2247 411 2315 penitsss
421 2245 514 2298 tacitis
525 2244 687 2297 discursibus
698 2248 769 2299 sunda
840 2246 843 2253 '

94 2317 215 2388 Frigore
225 2317 259 2368 ab
269 2317 370 2370 Arctoo
381 2315 493 2367 medium
504 2323 629 2367 reuocate
640 2315 687 2367 sub
699 2330 792 2367 auem:
838 2317 888 2367 25⁰

96 2385 163 2439 Cum
174 2385 297 2440 Pboebsss
305 2384 406 2454 pressit
419 2383 537 2444 Meroen,
548 2386 678 2450 tellusque
684 2392 797 2450 perusta

95 2456 166 2510 iiiuc
177 2455 256 2510 duxit
267 2471 362 2524 aquas,
372 2453 495 2508 trabitur
504 2451 812 2522 Gangesqued’adsssqsse

96 2523 151 2576 Per
160 2526 273 2578 tacitum
285 2524 394 2586 snundi,·
411 2533 482 2585 tunc,
494 2520 704 2590 omniasdumina
715 2520 796 2575 Nibss

99 2591 158 2647 Urso
163 2595 244 2667 fonte
254 2610 359 2648 uomens
368 2611 420 2647 non
430 2611 483 2645 uuo
491 2590 604 2660 gurgite
610 2592 730 2659 perfert.

96 2658 207 2724 Bususr,
219 2663 252 2715 ab
265 2661 386 2726 Oceano,
396 2665 443 2730 qui
453 2672 543 2714 terras
551 2659 656 2728 adfigat
668 2677 764 2724 omnes,
835 2661 885 2714 255
