1980 3074
221 194 507 247 Purinsams.
544 197 632 247 1213.
658 199 713 248 ΙΙΙ.
802 198 836 250 51

98 314 217 375 Bilatur,
226 328 316 364 merso
327 315 430 366 uiolata
438 316 466 366 in
479 314 580 367 robora
590 315 677 368 ferro:
844 318 894 368 435

101 383 159 440 Isso
169 398 202 434 ne
212 381 271 447 quis
280 387 396 434 oestrum
407 383 511 435 dubitet
523 383 676 435 aulonem
686 385 789 445 siluam,

101 449 209 502 Credite
218 467 259 502 me
267 451 367 520 fecisse
377 451 464 520 nefas.
483 452 562 503 'l'uno
573 454 665 518 paruit
674 453 761 504 omnis

99 520 223 585 lmperiis
234 533 288 569 non
299 518 407 571 sublato
418 534 515 571 secura
525 535 626 587 pavore

99 587 203 649 Turba,
214 587 263 640 sed
275 600 394 653 expensa
405 603 564 654 superorum
575 597 604 639 et
614 590 738 640 caesaris
749 591 797 639 ira.

98 655 286 708 Procumbunt
296 657 364 718 orni,
377 656 482 708 nodosa
490 658 638 723 impellitur
647 657 712 718 ilex,
844 660 895 708 440

98 722 227 793 Silvaque
237 723 377 787 Dodones,
389 731 418 776 et
428 723 554 777 tluotibus
565 727 656 792 optior
666 724 751 788 alnus,

98 794 135 846 Et
144 807 198 844 non
209 793 331 860 plebeios
342 793 431 846 luctus
441 799 544 846 testata
556 809 710 913 ouqsressus,

96 864 167 913 Tum
180 863 296 929 primum
306 877 421 930 posuere
432 877 534 924 comas,
546 870 574 914 et
596 862 681 914 ronde
693 871 833 916 carentes‘

96 931 234 983 Admisere
245 931 329 982 diem:
345 931 526 999 propulsaque
537 932 637 984 robore
648 931 732 984 denso

97 998 230 1050 Sustinuit
241 1015 270 1050 se
281 999 349 1050 silva
360 1000 469 1052 cadens.
489 1000 624 1052 Gemuere
634 1001 757 1053 ridentes
843 1002 895 1052 loe

97 1068 237 1119 Gallorum
248 1068 355 1135 populi:
369 1070 453 1121 muris
463 1070 512 1121 sed
522 1068 615 1122 olausa
624 1069 751 1121 iuventus

96 1137 231 1188 Exsultat.
250 1138 317 1199 Quis
327 1138 398 1188 enim
409 1138 498 1189 laesos
509 1140 618 1204 impune
629 1143 740 1205 putaret

95 1206 165 1257 Esse
176 1204 260 1257 deosl
272 1204 370 1256 Servat
378 1206 478 1257 niffltos
489 1205 601 1258 fortuna
610 1215 754 1257 nocentess

95 1276 133 1324 Et
144 1279 249 1324 tantum
259 1273 365 1324 orneris
375 1274 458 1325 irasci
469 1276 578 1325 numina
588 1282 711 1339 possunt.

99 1344 186 1409 thue
197 1342 264 1392 satis
275 1342 350 1391 oaesi
359 1343 486 1402 nemoris,
496 1342 620 1406 quaesita
630 1356 680 1407 per
691 1355 772 1409 agros
843 1343 894 1391 450

97 1411 224 1459 Plaustra
235 1408 340 1459 lerunt:
352 1422 489 1476 curvoque
499 1408 551 1458 soli
561 1412 694 1459 oossantis
705 1417 799 1459 aratro

97 1475 238 1544 Agricolae
248 1476 335 1542 raptis
346 1491 445 1527 annum
458 1475 558 1527 flevere
568 1477 696 1528 iuvencis.

148 1544 212 1595 Dux
222 1551 322 1605 tamen,
331 1544 476 1610 mpetiens
487 1541 596 1595 haesuri
606 1545 641 1595 al
652 1547 760 1597 moenia
771 1546 877 1609 Martis,

97 1614 200 1667 Versus
212 1613 247 1664 ad
258 1613 396 1679 Hispanas
407 1614 481 1665 acies
492 1619 669 1682 extremaque
680 1615 781 1676 mundi,

96 1681 334 1749 lussitbellageri.
353 1679 474 1734 Stellatis
485 1682 581 1734 axibus
591 1697 676 1751 agger
841 1684 892 1733 455

96 1752 225 1818 Erigitur,
235 1752 410 1820 geminusque
421 1758 570 1821 aequantes
581 1753 689 1804 moenia
698 1760 788 1804 turres

94 1821 212 1887 Aoolpit:
228 1818 281 1873 hae
291 1819 364 1872 nullo
375 1820 493 1872 fixerunt
502 1820 603 1872 robore
613 1825 723 1881 terram,

94 1888 149 1941 Sed
159 1904 209 1957 per
217 1891 272 1942 iter
282 1889 392 1958 longum
403 1905 501 1942 oausse
510 1904 620 1957 repsere
630 1890 734 1941 latenti.

95 1960 160 2009 Cum
171 1964 278 2011 tanturn
288 1964 398 2010 nutaret
407 1974 484 2021 onus,
497 1959 600 2010 tellun's
610 1960 705 2010 inanes

94 2029 270 2080 concussisse.
278 2028 352 2079 sinus
364 2036 539 2094 quaerentem
550 2041 691 2093 erunipere
702 2032 812 2078 ventum
842 2027 891 2078 400

94 2094 224 2157 Credidit,
234 2099 264 2146 et
273 2109 366 2146 muros
376 2096 477 2148 mirata
486 2101 530 2146 est
539 2103 613 2146 stare
623 2097 757 2146 iuventus.

94 2163 170 2212 lllino
181 2163 237 2213 tela
246 2162 348 2213 eadunt
359 2165 481 2214 excelsas
492 2164 603 2214 urbisin
616 2179 701 2214 arces.

93 2229 149 2281 Sed
160 2230 249 2281 maior
260 2230 345 2280 Graio
357 2230 480 2280 Romana
487 2231 516 2280 in
526 2245 645 2296 corpora
655 2231 728 2282 forro

94 2298 143 2351 Vis
153 2298 251 2351 inerat
269 2297 363 2364 Neque
375 2300 445 2348 enirn
456 2298 521 2348 solis
531 2313 647 2349 excussa
659 2297 770 2349 lacertis

95 2368 215 2430 lancea,
226 2366 275 2418 sed
286 2372 365 2417 tenso
376 2365 501 2418 ballistae
512 2366 619 2416 turbine
630 2372 719 2431 rapte,
839 2369 890 2418 405

93 2436 176 2488 llaud
186 2451 269 2488 unum
282 2441 412 2487 contenta
422 2433 493 2485 latus
503 2435 629 2495 transire,
641 2434 768 2501 quiescit:

94 2504 275 2572 Sedpandens
282 2519 384 2573 perque
390 2504 551 2565 asinariam,
558 2516 659 2569 perque
665 2515 737 2564 ossa,
743 2503 839 2554 relicta

94 2575 193 2636 Morte,
205 2574 287 2642 fugit:
303 2579 429 2641 stuperent
438 2572 494 2624 telo
506 2579 569 2640 post
578 2571 690 2622 vulnera
701 2585 804 2623 cursus.

92 2643 127 2692 nt
137 2657 233 2693 saxum
244 2644 351 2711 quoties
361 2643 465 2710 ingenti
477 2642 596 2693 verberis
607 2644 671 2692 actu

93 2711 247 2771 Excutitun
259 2712 346 2778 qualis
358 2727 449 2777 rupes,
461 2727 542 2778 quarn
553 2711 656 2762 vertice
669 2722 731 2758 mon
839 2712 889 2760 4ἵο
