<?xml version="1.0" encoding="UTF-8"?>
<!DOCTYPE html PUBLIC "-//W3C//DTD XHTML 1.0 Transitional//EN"
    "http://www.w3.org/TR/xhtml1/DTD/xhtml1-transitional.dtd">
<html xmlns="http://www.w3.org/1999/xhtml" xml:lang="en" lang="en">
 <head>
  <title>
</title>
<meta http-equiv="Content-Type" content="text/html;charset=utf-8" />
  <meta name='ocr-system' content='tesseract 3.04.00' />
  <meta name='ocr-capabilities' content='ocr_page ocr_carea ocr_par ocr_line ocrx_word'/>
</head>
<body>
  <div class='ocr_page' id='page_1' title='image "./pharsaliacumind00lucagoog_0058.png"; bbox 0 0 1980 3074; ppageno 0'>
   <div class='ocr_carea' id='block_1_1' title="bbox 189 245 806 297">
    <p class='ocr_par' dir='ltr' id='par_1_1' title="bbox 189 245 806 297">
     <span class='ocr_line' id='line_1_1' title="bbox 189 245 806 297; baseline 0.002 -1"><span class='ocrx_word' id='word_1_1' title='bbox 189 245 688 297; x_wconf 72' lang='lat' dir='ltr'><strong>PuAtrsAt.rt.1.1tt.m</strong></span> <span class='ocrx_word' id='word_1_2' title='bbox 772 245 806 297; x_wconf 71' lang='lat' dir='ltr'><strong>tt</strong></span> 
     </span>
    </p>
   </div>
   <div class='ocr_carea' id='block_1_2' title="bbox 58 364 894 2620">
    <p class='ocr_par' dir='ltr' id='par_1_2' title="bbox 58 364 866 636">
     <span class='ocr_line' id='line_1_2' title="bbox 58 364 797 433; baseline 0.007 -22"><span class='ocrx_word' id='word_1_3' title='bbox 58 365 207 416; x_wconf 71' lang='lat' dir='ltr'><strong>Noverat:</strong></span> <span class='ocrx_word' id='word_1_4' title='bbox 219 373 247 414; x_wconf 75' lang='lat' dir='ltr'><strong>et</strong></span> <span class='ocrx_word' id='word_1_5' title='bbox 257 365 332 414; x_wconf 77' lang='lat' dir='ltr'><strong>saxis</strong></span> <span class='ocrx_word' id='word_1_6' title='bbox 343 371 458 425; x_wconf 73' lang='lat' dir='ltr'><strong>tantun,</strong></span> <span class='ocrx_word' id='word_1_7' title='bbox 469 366 648 432; x_wconf 71' lang='lat' dir='ltr'><strong>volucresque</strong></span> <span class='ocrx_word' id='word_1_8' title='bbox 657 364 797 433; x_wconf 69' lang='lat' dir='ltr'><strong>imqur,</strong></span> 
     </span>
     <span class='ocr_line' id='line_1_3' title="bbox 71 432 786 501; baseline -0.004 -17"><span class='ocrx_word' id='word_1_9' title='bbox 71 432 237 499; x_wconf 73' lang='lat' dir='ltr'><strong>Sculptaque</strong></span> <span class='ocrx_word' id='word_1_10' title='bbox 248 432 395 482; x_wconf 77' lang='lat' dir='ltr'><strong>ser-rabant</strong></span> <span class='ocrx_word' id='word_1_11' title='bbox 405 434 526 500; x_wconf 71' lang='lat' dir='ltr'><strong>magicas</strong></span> <span class='ocrx_word' id='word_1_12' title='bbox 535 433 663 484; x_wconf 70' lang='lat' dir='ltr'><strong>niuniu</strong></span> <span class='ocrx_word' id='word_1_13' title='bbox 673 433 786 501; x_wconf 74' lang='lat' dir='ltr'><strong>linguas.</strong></span> 
     </span>
     <span class='ocr_line' id='line_1_4' title="bbox 71 501 866 568; baseline -0.001 -15"><span class='ocrx_word' id='word_1_14' title='bbox 71 501 215 553; x_wconf 83' lang='lat' dir='ltr'><strong>Deseritur</strong></span> <span class='ocrx_word' id='word_1_15' title='bbox 225 501 364 567; x_wconf 79' lang='lat' dir='ltr'><strong>&#39;i&#39;aurique</strong></span> <span class='ocrx_word' id='word_1_16' title='bbox 374 515 478 554; x_wconf 62' lang='lat' dir='ltr'><strong>nnus.</strong></span> <span class='ocrx_word' id='word_1_17' title='bbox 490 501 645 568; x_wconf 70' lang='lat' dir='ltr'>Perseaque</span> <span class='ocrx_word' id='word_1_18' title='bbox 655 502 768 555; x_wconf 74' lang='lat' dir='ltr'><strong>Tarsus.</strong></span> <span class='ocrx_word' id='word_1_19' title='bbox 815 504 866 552; x_wconf 72' lang='lat'><strong>225</strong></span> 
     </span>
     <span class='ocr_line' id='line_1_5' title="bbox 72 569 729 636; baseline -0.002 -15"><span class='ocrx_word' id='word_1_20' title='bbox 72 569 272 635; x_wconf 82' lang='lat' dir='ltr'><strong>Coryciumque</strong></span> <span class='ocrx_word' id='word_1_21' title='bbox 282 577 379 635; x_wconf 85' lang='lat' dir='ltr'><strong>patens</strong></span> <span class='ocrx_word' id='word_1_22' title='bbox 390 571 479 620; x_wconf 75' lang='lat' dir='ltr'><strong>ensis</strong></span> <span class='ocrx_word' id='word_1_23' title='bbox 488 570 600 636; x_wconf 86' lang='lat' dir='ltr'><strong>rupibus</strong></span> <span class='ocrx_word' id='word_1_24' title='bbox 611 579 729 630; x_wconf 68' lang='lat' dir='ltr'><strong>aaran,</strong></span> 
     </span>
    </p>

    <p class='ocr_par' dir='ltr' id='par_1_3' title="bbox 71 637 778 774">
     <span class='ocr_line' id='line_1_6' title="bbox 71 637 778 705; baseline -0.006 -17"><span class='ocrx_word' id='word_1_25' title='bbox 71 637 178 698; x_wconf 79' lang='lat' dir='ltr'><strong>Matios,</strong></span> <span class='ocrx_word' id='word_1_26' title='bbox 191 645 219 688; x_wconf 90' lang='lat' dir='ltr'><strong>et</strong></span> <span class='ocrx_word' id='word_1_27' title='bbox 229 643 369 688; x_wconf 73' lang='lat' dir='ltr'><strong>extrem</strong></span> <span class='ocrx_word' id='word_1_28' title='bbox 380 649 509 689; x_wconf 73' lang='lat' dir='ltr'><strong>mutant</strong></span> <span class='ocrx_word' id='word_1_29' title='bbox 519 638 661 689; x_wconf 78' lang='lat' dir='ltr'><strong>navalibus</strong></span> <span class='ocrx_word' id='word_1_30' title='bbox 674 640 778 705; x_wconf 62' lang='lat' dir='ltr'><strong>‚tegam</strong></span> 
     </span>
     <span class='ocr_line' id='line_1_7' title="bbox 71 706 675 774; baseline -0.003 -17"><span class='ocrx_word' id='word_1_31' title='bbox 71 708 149 774; x_wconf 89' lang='lat' dir='ltr'><strong>itque</strong></span> <span class='ocrx_word' id='word_1_32' title='bbox 160 706 229 757; x_wconf 80' lang='lat' dir='ltr'>Cilix</span> <span class='ocrx_word' id='word_1_33' title='bbox 239 707 319 766; x_wconf 83' lang='lat' dir='ltr'><strong>iusta,</strong></span> <span class='ocrx_word' id='word_1_34' title='bbox 330 706 385 757; x_wconf 76' lang='lat' dir='ltr'><strong>ius</strong></span> <span class='ocrx_word' id='word_1_35' title='bbox 395 721 449 756; x_wconf 77' lang='lat' dir='ltr'><strong>non</strong></span> <span class='ocrx_word' id='word_1_36' title='bbox 462 708 561 773; x_wconf 78' lang='lat' dir='ltr'><strong>pirata,</strong></span> <span class='ocrx_word' id='word_1_37' title='bbox 573 709 675 756; x_wconf 68' lang='lat' dir='ltr'><strong>carina</strong></span> 
     </span>
    </p>

    <p class='ocr_par' dir='ltr' id='par_1_4' title="bbox 69 773 658 831">
     <span class='ocr_line' id='line_1_8' title="bbox 69 773 658 831; baseline -0.003 -6"><span class='ocrx_word' id='word_1_38' title='bbox 69 775 159 825; x_wconf 62' lang='lat' dir='ltr'><strong>Movit</strong></span> <span class='ocrx_word' id='word_1_39' title='bbox 169 781 198 825; x_wconf 90' lang='lat' dir='ltr'><strong>et</strong></span> <span class='ocrx_word' id='word_1_40' title='bbox 210 775 285 826; x_wconf 83' lang='lat' dir='ltr'><strong>Eoos</strong></span> <span class='ocrx_word' id='word_1_41' title='bbox 294 773 427 825; x_wconf 82' lang='lat' dir='ltr'><strong>beilorunr</strong></span> <span class='ocrx_word' id='word_1_42' title='bbox 437 774 512 825; x_wconf 75' lang='lat' dir='ltr'><strong>iana</strong></span> <span class='ocrx_word' id='word_1_43' title='bbox 522 790 658 831; x_wconf 78' lang='lat' dir='ltr'><strong>recesnrs,</strong></span> 
     </span>
    </p>

    <p class='ocr_par' dir='ltr' id='par_1_5' title="bbox 70 842 894 963">
     <span class='ocr_line' id='line_1_9' title="bbox 71 842 894 912; baseline 0 -19"><span class='ocrx_word' id='word_1_44' title='bbox 71 845 132 905; x_wconf 79' lang='lat' dir='ltr'><strong>Qua</strong></span> <span class='ocrx_word' id='word_1_45' title='bbox 143 843 243 894; x_wconf 88' lang='lat' dir='ltr'><strong>colitur</strong></span> <span class='ocrx_word' id='word_1_46' title='bbox 252 842 372 910; x_wconf 77' lang='lat' dir='ltr'><strong>Ganges,</strong></span> <span class='ocrx_word' id='word_1_47' title='bbox 382 851 443 894; x_wconf 85' lang='lat' dir='ltr'><strong>toto</strong></span> <span class='ocrx_word' id='word_1_48' title='bbox 454 846 499 912; x_wconf 86' lang='lat' dir='ltr'><strong>qui</strong></span> <span class='ocrx_word' id='word_1_49' title='bbox 509 843 584 894; x_wconf 78' lang='lat' dir='ltr'><strong>sotus</strong></span> <span class='ocrx_word' id='word_1_50' title='bbox 594 846 622 893; x_wconf 87' lang='lat' dir='ltr'><strong>in</strong></span> <span class='ocrx_word' id='word_1_51' title='bbox 633 843 701 894; x_wconf 76' lang='lat' dir='ltr'><strong>orbs</strong></span> <span class='ocrx_word' id='word_1_52' title='bbox 814 847 864 893; x_wconf 75' lang='lat'><strong>2³⁰</strong></span> <span class='ocrx_word' id='word_1_53' title='bbox 884 860 894 876; x_wconf 85' lang='lat'><strong>·</strong></span> 
     </span>
     <span class='ocr_line' id='line_1_10' title="bbox 70 910 673 963; baseline -0.003 0"><span class='ocrx_word' id='word_1_54' title='bbox 70 913 150 963; x_wconf 84' lang='lat' dir='ltr'><strong>Ostia</strong></span> <span class='ocrx_word' id='word_1_55' title='bbox 159 913 282 963; x_wconf 81' lang='lat' dir='ltr'><strong>nascenti</strong></span> <span class='ocrx_word' id='word_1_56' title='bbox 293 913 432 963; x_wconf 82' lang='lat' dir='ltr'><strong>contraria</strong></span> <span class='ocrx_word' id='word_1_57' title='bbox 441 913 548 963; x_wconf 87' lang='lat' dir='ltr'><strong>soirere</strong></span> <span class='ocrx_word' id='word_1_58' title='bbox 559 910 673 963; x_wconf 78' lang='lat' dir='ltr'><strong>Phoebo</strong></span> 
     </span>
    </p>

    <p class='ocr_par' dir='ltr' id='par_1_6' title="bbox 69 979 760 1046">
     <span class='ocr_line' id='line_1_11' title="bbox 69 979 760 1046; baseline -0.003 -15"><span class='ocrx_word' id='word_1_59' title='bbox 69 980 166 1042; x_wconf 87' lang='lat' dir='ltr'><strong>Audet,</strong></span> <span class='ocrx_word' id='word_1_60' title='bbox 178 988 206 1032; x_wconf 88' lang='lat' dir='ltr'><strong>et</strong></span> <span class='ocrx_word' id='word_1_61' title='bbox 216 981 360 1031; x_wconf 84' lang='lat' dir='ltr'><strong>sdrersuru</strong></span> <span class='ocrx_word' id='word_1_62' title='bbox 371 979 471 1031; x_wconf 77' lang='lat' dir='ltr'><strong>fluctus</strong></span> <span class='ocrx_word' id='word_1_63' title='bbox 480 980 596 1046; x_wconf 70' lang='lat' dir='ltr'><strong>inpellit</strong></span> <span class='ocrx_word' id='word_1_64' title='bbox 605 983 633 1031; x_wconf 89' lang='lat' dir='ltr'><strong>in</strong></span> <span class='ocrx_word' id='word_1_65' title='bbox 645 982 760 1032; x_wconf 70' lang='lat' dir='ltr'><strong>Eurum:</strong></span> 
     </span>
    </p>

    <p class='ocr_par' dir='ltr' id='par_1_7' title="bbox 68 1048 863 1389">
     <span class='ocr_line' id='line_1_12' title="bbox 69 1048 784 1117; baseline 0.001 -19"><span class='ocrx_word' id='word_1_66' title='bbox 69 1049 123 1099; x_wconf 82' lang='lat' dir='ltr'><strong>Hic</strong></span> <span class='ocrx_word' id='word_1_67' title='bbox 134 1049 180 1100; x_wconf 86' lang='lat' dir='ltr'><strong>ubi</strong></span> <span class='ocrx_word' id='word_1_68' title='bbox 190 1048 325 1111; x_wconf 68' lang='lat' dir='ltr'><strong>Peliacus,</strong></span> <span class='ocrx_word' id='word_1_69' title='bbox 335 1058 400 1116; x_wconf 89' lang='lat' dir='ltr'><strong>post</strong></span> <span class='ocrx_word' id='word_1_70' title='bbox 410 1048 536 1115; x_wconf 82' lang='lat' dir='ltr'><strong>Tethyos</strong></span> <span class='ocrx_word' id='word_1_71' title='bbox 547 1064 677 1117; x_wconf 78' lang='lat' dir='ltr'><strong>aequora,</strong></span> <span class='ocrx_word' id='word_1_72' title='bbox 687 1049 784 1099; x_wconf 71' lang='lat' dir='ltr'><strong>ductor</strong></span> 
     </span>
     <span class='ocr_line' id='line_1_13' title="bbox 70 1117 764 1185; baseline -0.001 -17"><span class='ocrx_word' id='word_1_73' title='bbox 70 1118 206 1179; x_wconf 80' lang='lat' dir='ltr'><strong>Constitit,</strong></span> <span class='ocrx_word' id='word_1_74' title='bbox 217 1125 246 1168; x_wconf 89' lang='lat' dir='ltr'><strong>et</strong></span> <span class='ocrx_word' id='word_1_75' title='bbox 255 1132 355 1185; x_wconf 84' lang='lat' dir='ltr'><strong>magno</strong></span> <span class='ocrx_word' id='word_1_76' title='bbox 367 1118 439 1168; x_wconf 78' lang='lat' dir='ltr'><strong>vinci</strong></span> <span class='ocrx_word' id='word_1_77' title='bbox 448 1133 479 1168; x_wconf 84' lang='lat' dir='ltr'><strong>se</strong></span> <span class='ocrx_word' id='word_1_78' title='bbox 490 1117 579 1169; x_wconf 67' lang='lat' dir='ltr'><strong>ianus</strong></span> <span class='ocrx_word' id='word_1_79' title='bbox 590 1119 624 1168; x_wconf 78' lang='lat' dir='ltr'><strong>ab</strong></span> <span class='ocrx_word' id='word_1_80' title='bbox 636 1117 703 1169; x_wconf 79' lang='lat' dir='ltr'><strong>orbe</strong></span> <span class='ocrx_word' id='word_1_81' title='bbox 714 1130 764 1168; x_wconf 79' lang='lat' dir='ltr'><strong>est.</strong></span> 
     </span>
     <span class='ocr_line' id='line_1_14' title="bbox 71 1185 863 1253; baseline -0.003 -17"><span class='ocrx_word' id='word_1_82' title='bbox 71 1186 184 1253; x_wconf 78' lang='lat' dir='ltr'><strong>Quoque</strong></span> <span class='ocrx_word' id='word_1_83' title='bbox 194 1185 286 1237; x_wconf 75' lang='lat' dir='ltr'><strong>ferens</strong></span> <span class='ocrx_word' id='word_1_84' title='bbox 295 1186 419 1251; x_wconf 79' lang='lat' dir='ltr'><strong>rapidum</strong></span> <span class='ocrx_word' id='word_1_85' title='bbox 430 1185 516 1236; x_wconf 86' lang='lat' dir='ltr'><strong>dirisu</strong></span> <span class='ocrx_word' id='word_1_86' title='bbox 528 1188 636 1253; x_wconf 77' lang='lat' dir='ltr'><strong>gurgite</strong></span> <span class='ocrx_word' id='word_1_87' title='bbox 646 1185 749 1236; x_wconf 77' lang='lat' dir='ltr'><strong>iontem</strong></span> <span class='ocrx_word' id='word_1_88' title='bbox 813 1185 863 1235; x_wconf 79' lang='grc'><strong>235</strong></span> 
     </span>
     <span class='ocr_line' id='line_1_15' title="bbox 68 1253 793 1321; baseline -0.004 -15"><span class='ocrx_word' id='word_1_89' title='bbox 68 1255 162 1306; x_wconf 82' lang='lat' dir='ltr'><strong>Vastis</strong></span> <span class='ocrx_word' id='word_1_90' title='bbox 171 1255 253 1304; x_wconf 85' lang='lat' dir='ltr'><strong>ludus</strong></span> <span class='ocrx_word' id='word_1_91' title='bbox 263 1255 341 1321; x_wconf 84' lang='lat' dir='ltr'><strong>aquis</strong></span> <span class='ocrx_word' id='word_1_92' title='bbox 352 1255 465 1304; x_wconf 85' lang='lat' dir='ltr'><strong>urixtuor</strong></span> <span class='ocrx_word' id='word_1_93' title='bbox 477 1269 531 1303; x_wconf 90' lang='lat' dir='ltr'><strong>non</strong></span> <span class='ocrx_word' id='word_1_94' title='bbox 540 1255 625 1303; x_wconf 86' lang='lat' dir='ltr'><strong>sentit</strong></span> <span class='ocrx_word' id='word_1_95' title='bbox 634 1253 793 1318; x_wconf 75' lang='lat' dir='ltr'>Hydaspen.</span> 
     </span>
     <span class='ocr_line' id='line_1_16' title="bbox 70 1319 800 1389; baseline -0.003 -17"><span class='ocrx_word' id='word_1_96' title='bbox 70 1324 177 1389; x_wconf 72' lang='lat' dir='ltr'><strong>Quique</strong></span> <span class='ocrx_word' id='word_1_97' title='bbox 187 1322 285 1372; x_wconf 86' lang='lat' dir='ltr'><strong>bibunt</strong></span> <span class='ocrx_word' id='word_1_98' title='bbox 294 1327 391 1372; x_wconf 82' lang='lat' dir='ltr'><strong>tenera</strong></span> <span class='ocrx_word' id='word_1_99' title='bbox 401 1321 495 1370; x_wconf 83' lang='lat' dir='ltr'><strong>dulces</strong></span> <span class='ocrx_word' id='word_1_100' title='bbox 505 1319 539 1371; x_wconf 85' lang='lat' dir='ltr'><strong>ab</strong></span> <span class='ocrx_word' id='word_1_101' title='bbox 551 1321 682 1369; x_wconf 86' lang='lat' dir='ltr'><strong>arundine</strong></span> <span class='ocrx_word' id='word_1_102' title='bbox 693 1336 800 1381; x_wconf 84' lang='lat' dir='ltr'><strong>succos,</strong></span> 
     </span>
    </p>

    <p class='ocr_par' dir='ltr' id='par_1_8' title="bbox 70 1388 742 1456">
     <span class='ocr_line' id='line_1_17' title="bbox 70 1388 742 1456; baseline -0.007 -16"><span class='ocrx_word' id='word_1_103' title='bbox 70 1391 107 1440; x_wconf 83' lang='lat' dir='ltr'><strong>Et</strong></span> <span class='ocrx_word' id='word_1_104' title='bbox 118 1390 163 1456; x_wconf 89' lang='lat' dir='ltr'><strong>qui</strong></span> <span class='ocrx_word' id='word_1_105' title='bbox 175 1391 329 1455; x_wconf 86' lang='lat' dir='ltr'><strong>tinguentes</strong></span> <span class='ocrx_word' id='word_1_106' title='bbox 340 1402 440 1438; x_wconf 87' lang='lat' dir='ltr'><strong>croceo</strong></span> <span class='ocrx_word' id='word_1_107' title='bbox 451 1388 630 1437; x_wconf 77' lang='lat' dir='ltr'><strong>medicamine</strong></span> <span class='ocrx_word' id='word_1_108' title='bbox 641 1390 742 1437; x_wconf 84' lang='lat' dir='ltr'><strong>crinem</strong></span> 
     </span>
    </p>

    <p class='ocr_par' dir='ltr' id='par_1_9' title="bbox 69 1455 736 1521">
     <span class='ocr_line' id='line_1_18' title="bbox 69 1455 736 1521; baseline -0.003 -14"><span class='ocrx_word' id='word_1_109' title='bbox 69 1458 158 1508; x_wconf 83' lang='lat' dir='ltr'><strong>Fluxa</strong></span> <span class='ocrx_word' id='word_1_110' title='bbox 168 1456 297 1506; x_wconf 87' lang='lat' dir='ltr'><strong>coloratis</strong></span> <span class='ocrx_word' id='word_1_111' title='bbox 307 1455 479 1521; x_wconf 87' lang='lat' dir='ltr'><strong>adstringunt</strong></span> <span class='ocrx_word' id='word_1_112' title='bbox 489 1455 605 1505; x_wconf 77' lang='lat' dir='ltr'><strong>carbasa</strong></span> <span class='ocrx_word' id='word_1_113' title='bbox 614 1456 736 1521; x_wconf 84' lang='lat' dir='ltr'><strong>gemmis.</strong></span> 
     </span>
    </p>

    <p class='ocr_par' dir='ltr' id='par_1_10' title="bbox 70 1523 863 1728">
     <span class='ocr_line' id='line_1_19' title="bbox 70 1523 863 1591; baseline 0.001 -18"><span class='ocrx_word' id='word_1_114' title='bbox 70 1525 177 1591; x_wconf 72' lang='lat' dir='ltr'><strong>Quique</strong></span> <span class='ocrx_word' id='word_1_115' title='bbox 187 1537 252 1573; x_wconf 87' lang='lat' dir='ltr'><strong>suas</strong></span> <span class='ocrx_word' id='word_1_116' title='bbox 262 1529 385 1573; x_wconf 83' lang='lat' dir='ltr'><strong>struxere</strong></span> <span class='ocrx_word' id='word_1_117' title='bbox 397 1537 488 1589; x_wconf 88' lang='lat' dir='ltr'><strong>pyras,</strong></span> <span class='ocrx_word' id='word_1_118' title='bbox 499 1523 604 1589; x_wconf 78' lang='lat' dir='ltr'><strong>rivique</strong></span> <span class='ocrx_word' id='word_1_119' title='bbox 615 1523 735 1575; x_wconf 84' lang='lat' dir='ltr'><strong>calentes</strong></span> <span class='ocrx_word' id='word_1_120' title='bbox 813 1527 863 1575; x_wconf 79' lang='lat'><strong>24⁰</strong></span> 
     </span>
     <span class='ocr_line' id='line_1_20' title="bbox 70 1590 809 1661; baseline 0.003 -18"><span class='ocrx_word' id='word_1_121' title='bbox 70 1590 260 1644; x_wconf 82' lang='lat' dir='ltr'><strong>Conscendere</strong></span> <span class='ocrx_word' id='word_1_122' title='bbox 267 1606 356 1659; x_wconf 88' lang='lat' dir='ltr'><strong>rogos.</strong></span> <span class='ocrx_word' id='word_1_123' title='bbox 363 1591 469 1654; x_wconf 87' lang='lat' dir='ltr'><strong>-Pro,</strong></span> <span class='ocrx_word' id='word_1_124' title='bbox 477 1598 579 1658; x_wconf 88' lang='lat' dir='ltr'><strong>quanta</strong></span> <span class='ocrx_word' id='word_1_125' title='bbox 585 1591 719 1660; x_wconf 86' lang='lat' dir='ltr'><strong>estgioria</strong></span> <span class='ocrx_word' id='word_1_126' title='bbox 723 1594 809 1661; x_wconf 84' lang='lat' dir='ltr'><strong>genti,</strong></span> 
     </span>
     <span class='ocr_line' id='line_1_21' title="bbox 70 1659 658 1728; baseline 0.002 -17"><span class='ocrx_word' id='word_1_127' title='bbox 70 1661 197 1712; x_wconf 86' lang='lat' dir='ltr'><strong>iniecisse</strong></span> <span class='ocrx_word' id='word_1_128' title='bbox 207 1674 315 1712; x_wconf 86' lang='lat' dir='ltr'><strong>manum</strong></span> <span class='ocrx_word' id='word_1_129' title='bbox 326 1659 398 1722; x_wconf 81' lang='lat' dir='ltr'><strong>satis,</strong></span> <span class='ocrx_word' id='word_1_130' title='bbox 410 1661 518 1728; x_wconf 81' lang='lat' dir='ltr'><strong>vitaque</strong></span> <span class='ocrx_word' id='word_1_131' title='bbox 529 1661 658 1726; x_wconf 84' lang='lat' dir='ltr'><strong>repletos,</strong></span> 
     </span>
    </p>

    <p class='ocr_par' dir='ltr' id='par_1_11' title="bbox 67 1728 860 2004">
     <span class='ocr_line' id='line_1_22' title="bbox 70 1728 787 1797; baseline 0.004 -18"><span class='ocrx_word' id='word_1_132' title='bbox 70 1728 150 1791; x_wconf 75' lang='lat' dir='ltr'><strong>Quod</strong></span> <span class='ocrx_word' id='word_1_133' title='bbox 162 1735 295 1797; x_wconf 85' lang='lat' dir='ltr'><strong>superest,</strong></span> <span class='ocrx_word' id='word_1_134' title='bbox 307 1729 423 1781; x_wconf 70' lang='lat' dir='ltr'><strong>donuae</strong></span> <span class='ocrx_word' id='word_1_135' title='bbox 434 1728 504 1781; x_wconf 91' lang='lat' dir='ltr'><strong>deis!</strong></span> <span class='ocrx_word' id='word_1_136' title='bbox 522 1757 542 1765; x_wconf 87' lang='lat'>-</span> <span class='ocrx_word' id='word_1_137' title='bbox 561 1730 668 1782; x_wconf 86' lang='lat' dir='ltr'><strong>Venere</strong></span> <span class='ocrx_word' id='word_1_138' title='bbox 679 1730 787 1784; x_wconf 74' lang='lat' dir='ltr'><strong>seroces</strong></span> 
     </span>
     <span class='ocr_line' id='line_1_23' title="bbox 69 1798 747 1865; baseline 0.001 -15"><span class='ocrx_word' id='word_1_139' title='bbox 69 1799 255 1865; x_wconf 73' lang='lat' dir='ltr'><strong>Cappadoces,</strong></span> <span class='ocrx_word' id='word_1_140' title='bbox 266 1798 325 1849; x_wconf 86' lang='lat' dir='ltr'><strong>duri</strong></span> <span class='ocrx_word' id='word_1_141' title='bbox 337 1799 452 1865; x_wconf 89' lang='lat' dir='ltr'><strong>popuius</strong></span> <span class='ocrx_word' id='word_1_142' title='bbox 462 1815 533 1851; x_wconf 88' lang='lat' dir='ltr'><strong>nunc</strong></span> <span class='ocrx_word' id='word_1_143' title='bbox 545 1800 634 1851; x_wconf 82' lang='lat' dir='ltr'><strong>cultor</strong></span> <span class='ocrx_word' id='word_1_144' title='bbox 644 1802 747 1860; x_wconf 84' lang='lat' dir='ltr'><strong>Amani,</strong></span> 
     </span>
     <span class='ocr_line' id='line_1_24' title="bbox 67 1867 860 1936; baseline 0.001 -18"><span class='ocrx_word' id='word_1_145' title='bbox 67 1867 261 1935; x_wconf 86' lang='lat' dir='ltr'><strong>Armeniusque</strong></span> <span class='ocrx_word' id='word_1_146' title='bbox 272 1875 367 1919; x_wconf 86' lang='lat' dir='ltr'><strong>tenens</strong></span> <span class='ocrx_word' id='word_1_147' title='bbox 376 1867 530 1920; x_wconf 80' lang='lat' dir='ltr'><strong>volventem</strong></span> <span class='ocrx_word' id='word_1_148' title='bbox 539 1884 608 1920; x_wconf 81' lang='lat' dir='ltr'><strong>saxa</strong></span> <span class='ocrx_word' id='word_1_149' title='bbox 618 1868 768 1936; x_wconf 76' lang='lat' dir='ltr'><strong>Niphaten:</strong></span> <span class='ocrx_word' id='word_1_150' title='bbox 811 1872 860 1920; x_wconf 81' lang='grc'><strong>245</strong></span> 
     </span>
     <span class='ocr_line' id='line_1_25' title="bbox 68 1935 682 2004; baseline 0 -16"><span class='ocrx_word' id='word_1_151' title='bbox 68 1935 186 1988; x_wconf 79' lang='lat' dir='ltr'><strong>Aethera</strong></span> <span class='ocrx_word' id='word_1_152' title='bbox 194 1943 339 2004; x_wconf 77' lang='lat' dir='ltr'><strong>tangentes</strong></span> <span class='ocrx_word' id='word_1_153' title='bbox 348 1938 430 1987; x_wconf 84' lang='lat' dir='ltr'><strong>silvas</strong></span> <span class='ocrx_word' id='word_1_154' title='bbox 441 1937 544 2004; x_wconf 81' lang='lat' dir='ltr'><strong>liquere</strong></span> <span class='ocrx_word' id='word_1_155' title='bbox 556 1939 682 1990; x_wconf 80' lang='lat' dir='ltr'><strong>coatrae.</strong></span> 
     </span>
    </p>

    <p class='ocr_par' dir='ltr' id='par_1_12' title="bbox 68 2006 687 2073">
     <span class='ocr_line' id='line_1_26' title="bbox 68 2006 687 2073; baseline -0.002 -16"><span class='ocrx_word' id='word_1_156' title='bbox 68 2007 195 2073; x_wconf 84' lang='lat' dir='ltr'><strong>ignotum</strong></span> <span class='ocrx_word' id='word_1_157' title='bbox 205 2006 292 2066; x_wconf 86' lang='lat' dir='ltr'><strong>vobis,</strong></span> <span class='ocrx_word' id='word_1_158' title='bbox 301 2006 414 2067; x_wconf 87' lang='lat' dir='ltr'><strong>Arabes,</strong></span> <span class='ocrx_word' id='word_1_159' title='bbox 424 2007 536 2056; x_wconf 83' lang='lat' dir='ltr'><strong>venistis</strong></span> <span class='ocrx_word' id='word_1_160' title='bbox 546 2007 573 2056; x_wconf 89' lang='lat' dir='ltr'><strong>in</strong></span> <span class='ocrx_word' id='word_1_161' title='bbox 583 2007 687 2068; x_wconf 86' lang='lat' dir='ltr'><strong>orbem,</strong></span> 
     </span>
    </p>

    <p class='ocr_par' dir='ltr' id='par_1_13' title="bbox 67 2074 692 2126">
     <span class='ocr_line' id='line_1_27' title="bbox 67 2074 692 2126; baseline 0.002 -1"><span class='ocrx_word' id='word_1_162' title='bbox 67 2074 183 2126; x_wconf 84' lang='lat' dir='ltr'><strong>Umbras</strong></span> <span class='ocrx_word' id='word_1_163' title='bbox 195 2075 283 2124; x_wconf 85' lang='lat' dir='ltr'><strong>mirati</strong></span> <span class='ocrx_word' id='word_1_164' title='bbox 294 2088 435 2124; x_wconf 86' lang='lat' dir='ltr'><strong>nemorum</strong></span> <span class='ocrx_word' id='word_1_165' title='bbox 447 2090 501 2125; x_wconf 88' lang='lat' dir='ltr'><strong>uon</strong></span> <span class='ocrx_word' id='word_1_166' title='bbox 511 2076 551 2125; x_wconf 89' lang='lat' dir='ltr'><strong>ire</strong></span> <span class='ocrx_word' id='word_1_167' title='bbox 561 2076 692 2126; x_wconf 83' lang='lat' dir='ltr'><strong>sinistras.</strong></span> 
     </span>
    </p>

    <p class='ocr_par' dir='ltr' id='par_1_14' title="bbox 67 2140 860 2552">
     <span class='ocr_line' id='line_1_28' title="bbox 67 2140 738 2206; baseline 0.007 -16"><span class='ocrx_word' id='word_1_168' title='bbox 67 2144 139 2191; x_wconf 76' lang='lat' dir='ltr'><strong>&#39;i&#39;unr</strong></span> <span class='ocrx_word' id='word_1_169' title='bbox 149 2140 226 2191; x_wconf 81' lang='lat' dir='ltr'><strong>furor</strong></span> <span class='ocrx_word' id='word_1_170' title='bbox 237 2147 375 2192; x_wconf 87' lang='lat' dir='ltr'><strong>extremos</strong></span> <span class='ocrx_word' id='word_1_171' title='bbox 387 2143 471 2192; x_wconf 87' lang='lat' dir='ltr'><strong>morit</strong></span> <span class='ocrx_word' id='word_1_172' title='bbox 481 2142 619 2192; x_wconf 84' lang='lat' dir='ltr'><strong>Romanus</strong></span> <span class='ocrx_word' id='word_1_173' title='bbox 630 2144 738 2206; x_wconf 83' lang='lat' dir='ltr'><strong>Oretas,</strong></span> 
     </span>
     <span class='ocr_line' id='line_1_29' title="bbox 68 2207 860 2276; baseline 0.003 -16"><span class='ocrx_word' id='word_1_174' title='bbox 68 2207 367 2275; x_wconf 84' lang='lat' dir='ltr'><strong>Carmanosqueduces‚</strong></span> <span class='ocrx_word' id='word_1_175' title='bbox 379 2224 492 2276; x_wconf 80' lang='lat' dir='ltr'><strong>quorum</strong></span> <span class='ocrx_word' id='word_1_176' title='bbox 504 2209 626 2260; x_wconf 81' lang='lat' dir='ltr'><strong>deflexus</strong></span> <span class='ocrx_word' id='word_1_177' title='bbox 636 2213 662 2262; x_wconf 90' lang='lat' dir='ltr'><strong>in</strong></span> <span class='ocrx_word' id='word_1_178' title='bbox 673 2213 798 2262; x_wconf 77' lang='lat' dir='ltr'><strong>Austrum</strong></span> <span class='ocrx_word' id='word_1_179' title='bbox 810 2215 860 2262; x_wconf 79' lang='grc'><strong>250</strong></span> 
     </span>
     <span class='ocr_line' id='line_1_30' title="bbox 67 2276 786 2342; baseline 0.003 -13"><span class='ocrx_word' id='word_1_180' title='bbox 67 2276 177 2338; x_wconf 78' lang='lat' dir='ltr'><strong>Aether,</strong></span> <span class='ocrx_word' id='word_1_181' title='bbox 189 2292 242 2327; x_wconf 92' lang='lat' dir='ltr'><strong>non</strong></span> <span class='ocrx_word' id='word_1_182' title='bbox 254 2282 341 2328; x_wconf 86' lang='lat' dir='ltr'><strong>totam</strong></span> <span class='ocrx_word' id='word_1_183' title='bbox 352 2291 410 2327; x_wconf 87' lang='lat' dir='ltr'><strong>mer</strong></span> <span class='ocrx_word' id='word_1_184' title='bbox 429 2278 538 2326; x_wconf 83' lang='lat' dir='ltr'><strong>‘tamen</strong></span> <span class='ocrx_word' id='word_1_185' title='bbox 551 2278 667 2342; x_wconf 75' lang='lat' dir='ltr'><strong>adspicit</strong></span> <span class='ocrx_word' id='word_1_186' title='bbox 676 2281 786 2341; x_wconf 82' lang='lat' dir='ltr'><strong>Arcton,</strong></span> 
     </span>
     <span class='ocr_line' id='line_1_31' title="bbox 67 2345 655 2413; baseline -0.003 -15"><span class='ocrx_word' id='word_1_187' title='bbox 67 2347 157 2398; x_wconf 81' lang='lat' dir='ltr'><strong>Lucet</strong></span> <span class='ocrx_word' id='word_1_188' title='bbox 167 2354 195 2397; x_wconf 90' lang='lat' dir='ltr'><strong>et</strong></span> <span class='ocrx_word' id='word_1_189' title='bbox 205 2347 304 2413; x_wconf 81' lang='lat' dir='ltr'><strong>exigua</strong></span> <span class='ocrx_word' id='word_1_190' title='bbox 314 2345 412 2396; x_wconf 83' lang='lat' dir='ltr'><strong>veloxi</strong></span> <span class='ocrx_word' id='word_1_191' title='bbox 431 2345 439 2394; x_wconf 94' lang='lat' dir='ltr'><strong>i</strong></span> <span class='ocrx_word' id='word_1_192' title='bbox 451 2351 532 2395; x_wconf 88' lang='lat' dir='ltr'><strong>nocte</strong></span> <span class='ocrx_word' id='word_1_193' title='bbox 543 2346 655 2396; x_wconf 86' lang='lat' dir='ltr'><strong>Bootes.</strong></span> 
     </span>
     <span class='ocr_line' id='line_1_32' title="bbox 68 2413 801 2532; baseline 0 -67"><span class='ocrx_word' id='word_1_194' title='bbox 68 2413 384 2482; x_wconf 78' lang='lat' dir='ltr'><strong>Aethiopumquesoium,</strong></span> <span class='ocrx_word' id='word_1_195' title='bbox 393 2413 525 2481; x_wconf 88' lang='lat' dir='ltr'><strong>quodnon</strong></span> <span class='ocrx_word' id='word_1_196' title='bbox 532 2416 740 2532; x_wconf 86' lang='lat' dir='ltr'><strong>premereturab</strong></span> <span class='ocrx_word' id='word_1_197' title='bbox 748 2416 801 2466; x_wconf 81' lang='lat' dir='ltr'><strong>ulio</strong></span> 
     </span>
     <span class='ocr_line' id='line_1_33' title="bbox 68 2482 675 2552; baseline -0.002 -17"><span class='ocrx_word' id='word_1_198' title='bbox 68 2483 196 2552; x_wconf 78' lang='lat' dir='ltr'><strong>Signiferi</strong></span> <span class='ocrx_word' id='word_1_199' title='bbox 207 2486 319 2552; x_wconf 83' lang='lat' dir='ltr'><strong>regione</strong></span> <span class='ocrx_word' id='word_1_200' title='bbox 329 2484 393 2550; x_wconf 90' lang='lat' dir='ltr'><strong>poli,</strong></span> <span class='ocrx_word' id='word_1_201' title='bbox 405 2483 464 2544; x_wconf 90' lang='lat' dir='ltr'><strong>nisi,</strong></span> <span class='ocrx_word' id='word_1_202' title='bbox 477 2498 530 2550; x_wconf 92' lang='lat' dir='ltr'><strong>pop</strong></span> <span class='ocrx_word' id='word_1_203' title='bbox 541 2483 579 2533; x_wconf 91' lang='lat' dir='ltr'><strong>ite</strong></span> <span class='ocrx_word' id='word_1_204' title='bbox 590 2482 675 2549; x_wconf 80' lang='lat' dir='ltr'><strong>lapso,</strong></span> 
     </span>
    </p>

    <p class='ocr_par' dir='ltr' id='par_1_15' title="bbox 68 2552 859 2620">
     <span class='ocr_line' id='line_1_34' title="bbox 68 2552 859 2620; baseline 0.001 -16"><span class='ocrx_word' id='word_1_205' title='bbox 68 2553 167 2604; x_wconf 88' lang='lat' dir='ltr'><strong>Ultima</strong></span> <span class='ocrx_word' id='word_1_206' title='bbox 178 2555 282 2604; x_wconf 83' lang='lat' dir='ltr'><strong>curvati</strong></span> <span class='ocrx_word' id='word_1_207' title='bbox 292 2553 455 2620; x_wconf 83' lang='lat' dir='ltr'><strong>procederet</strong></span> <span class='ocrx_word' id='word_1_208' title='bbox 464 2552 564 2620; x_wconf 85' lang='lat' dir='ltr'><strong>ungula</strong></span> <span class='ocrx_word' id='word_1_209' title='bbox 576 2553 669 2602; x_wconf 84' lang='lat' dir='ltr'><strong>Tauri.</strong></span> <span class='ocrx_word' id='word_1_210' title='bbox 810 2555 859 2605; x_wconf 82' lang='grc'><strong>255</strong></span> 
     </span>
    </p>
   </div>
   <div class='ocr_carea' id='block_1_3' title="bbox 65 2621 784 2824">
    <p class='ocr_par' dir='ltr' id='par_1_16' title="bbox 65 2621 784 2824">
     <span class='ocr_line' id='line_1_35' title="bbox 68 2621 784 2691; baseline 0.004 -20"><span class='ocrx_word' id='word_1_211' title='bbox 68 2622 182 2688; x_wconf 77' lang='lat' dir='ltr'><strong>Quaque</strong></span> <span class='ocrx_word' id='word_1_212' title='bbox 194 2629 277 2690; x_wconf 88' lang='lat' dir='ltr'><strong>caput</strong></span> <span class='ocrx_word' id='word_1_213' title='bbox 286 2623 381 2688; x_wconf 88' lang='lat' dir='ltr'><strong>rapido</strong></span> <span class='ocrx_word' id='word_1_214' title='bbox 393 2621 464 2673; x_wconf 83' lang='lat' dir='ltr'><strong>tollit</strong></span> <span class='ocrx_word' id='word_1_215' title='bbox 474 2637 536 2672; x_wconf 85' lang='lat' dir='ltr'><strong>cunr</strong></span> <span class='ocrx_word' id='word_1_216' title='bbox 547 2622 660 2690; x_wconf 79' lang='lat' dir='ltr'><strong>Tigride</strong></span> <span class='ocrx_word' id='word_1_217' title='bbox 670 2637 784 2691; x_wconf 87' lang='lat' dir='ltr'><strong>magnus</strong></span> 
     </span>
     <span class='ocr_line' id='line_1_36' title="bbox 65 2688 699 2759; baseline 0.006 -20"><span class='ocrx_word' id='word_1_218' title='bbox 65 2688 230 2756; x_wconf 84' lang='lat' dir='ltr'><strong>Euphrates,</strong></span> <span class='ocrx_word' id='word_1_219' title='bbox 242 2708 310 2759; x_wconf 89' lang='lat' dir='ltr'><strong>quos</strong></span> <span class='ocrx_word' id='word_1_220' title='bbox 322 2708 376 2743; x_wconf 87' lang='lat' dir='ltr'><strong>non</strong></span> <span class='ocrx_word' id='word_1_221' title='bbox 386 2692 499 2742; x_wconf 85' lang='lat' dir='ltr'><strong>dirersis</strong></span> <span class='ocrx_word' id='word_1_222' title='bbox 511 2690 631 2743; x_wconf 76' lang='lat' dir='ltr'><strong>fontibus</strong></span> <span class='ocrx_word' id='word_1_223' title='bbox 643 2691 699 2743; x_wconf 87' lang='lat' dir='ltr'><strong>edit</strong></span> 
     </span>
     <span class='ocr_line' id='line_1_37' title="bbox 66 2757 722 2824; baseline 0.008 -16"><span class='ocrx_word' id='word_1_224' title='bbox 66 2757 167 2819; x_wconf 87' lang='lat' dir='ltr'><strong>Persis,</strong></span> <span class='ocrx_word' id='word_1_225' title='bbox 179 2766 206 2810; x_wconf 81' lang='lat' dir='ltr'><strong>et</strong></span> <span class='ocrx_word' id='word_1_226' title='bbox 216 2761 359 2822; x_wconf 81' lang='lat' dir='ltr'><strong>incertum,</strong></span> <span class='ocrx_word' id='word_1_227' title='bbox 372 2760 451 2812; x_wconf 84' lang='lat' dir='ltr'><strong>telius</strong></span> <span class='ocrx_word' id='word_1_228' title='bbox 461 2762 484 2811; x_wconf 88' lang='lat' dir='ltr'><strong>si</strong></span> <span class='ocrx_word' id='word_1_229' title='bbox 496 2762 611 2812; x_wconf 80' lang='lat' dir='ltr'><strong>misceat</strong></span> <span class='ocrx_word' id='word_1_230' title='bbox 621 2776 722 2824; x_wconf 81' lang='lat' dir='ltr'><strong>amnes,</strong></span> 
     </span>
    </p>
   </div>
   <div class='ocr_carea' id='block_1_4' title="bbox 602 2830 652 2881">
    <p class='ocr_par' dir='ltr' id='par_1_17' title="bbox 602 2830 652 2881">
     <span class='ocr_line' id='line_1_38' title="bbox 602 2830 652 2881; baseline 0 0"><span class='ocrx_word' id='word_1_231' title='bbox 602 2830 652 2881; x_wconf 78' lang='lat'><strong>02</strong></span> 
     </span>
    </p>
   </div>
   <div class='ocr_carea' id='block_1_5' title="bbox 0 0 994 3074">
    <p class='ocr_par' dir='ltr' id='par_1_18' title="bbox 0 0 994 3074">
     <span class='ocr_line' id='line_1_39' title="bbox 0 0 994 3074; baseline 0 1"><span class='ocrx_word' id='word_1_232' title='bbox 0 0 994 3074; x_wconf 95' lang='lat' dir='ltr'><strong> </strong></span> 
     </span>
    </p>
   </div>
  </div>
 </body>
</html>
