1980 3074
100 263 104 271 .
210 223 698 277 PHARSAL1A.LlB.1x.
773 224 823 273 221

144 344 254 411 lamque
273 343 326 393 illie
341 345 427 411 magis
459 351 540 410 atque
560 343 647 424 magis
669 343 815 393 durescere

94 482 204 546 Coepit,
216 485 245 530 et
253 480 282 529 in
291 485 393 530 terram
404 479 494 545 Libye
503 410 740 546 spisgihltlaqrsenerti.

96 550 205 616 lamque
215 547 312 615 procul
320 562 400 599 rarae
410 562 551 598 nemorum
556 562 586 598 ee
596 547 691 598 tollere
700 545 826 597 frondes:

96 616 213 685 Surgere
224 621 356 683 congesto
366 631 421 666 noa
432 615 507 666 culta
515 615 634 681 mapalia
645 614 743 666 culmo.
834 613 885 664 ⁹45

95 687 205 747 Quanta
214 684 290 735 dedit
301 685 408 736 miseris
416 684 646 803 meliorisqaudia
656 689 758 746 terrae,

95 758 161 805 Cum
172 754 288 820 primum
298 767 395 804 saeros
407 753 539 803 contrari
559 767 605 803 ere
615 749 722 804 leones!
867 805 869 809 ,

97 825 226 875 Proxima
234 821 331 889 Leptis
342 828 410 886 erat,
423 821 499 872 cuius
509 821 628 873 statione
639 821 759 890 quietam

96 894 221 959 Exegere
232 888 359 953 hiemem,
369 890 468 943 nimbis
478 888 648 959 flammisque
658 896 805 942 wenmm.

148 963 249 1012 caesar
259 965 291 1012 ut
300 958 429 1012 Emathia
439 960 554 1010 satiatus
565 958 643 1012 clade
653 959 777 1022 recessit,
837 957 888 1008 95⁰

97 1033 195 1082 Cetera
206 1044 333 1081 curarum
343 1029 460 1098 proiecit
469 1029 601 1096 pondera,
611 1027 664 1080 soli

97 1101 219 1150 intentus
229 1113 345 1167 generos
368 1096 681 1166 cuiusrestiglalrustra

96 1168 191 1219 'l'erris
200 1182 296 1234 sparsa
306 1168 414 1235 legens,
423 1165 497 1217 laena
508 1166 578 1217 duce
587 1166 675 1217 tendit
684 1167 712 1216 in
725 1165 820 1225 undas,

97 1234 292 1303 Threiciasque
302 1235 369 1302 legit
379 1233 483 1296 lauces,
495 1240 523 1285 et
533 1248 627 1285 amore
637 1239 762 1286 notatum

97 1302 720 1371 Aequor,etEroaslacrymosolitoreturres,
839 1300 889 1351 955

99 1375 159 1434 Qua
170 1370 268 1439 pelago
279 1384 379 1423 noman
389 1367 553 1436 Nepheleias
566 1369 678 1421 abstulit
688 1369 777 1421 lielle.

99 1441 158 1494 Non
169 1439 260 1491 Asiam
268 1439 401 1490 brevioris
414 1453 501 1506 aquae
513 1438 684 1489 distemniaat
697 1452 810 1507 usquam

98 1510 208 1561 Fluctus
219 1508 253 1558 ab
266 1509 387 1574 Europa,
400 1508 521 1575 quamvis
531 1506 687 1572 Byzantion
698 1512 775 1559 arcto

97 1579 210 1640 Pontus,
221 1583 250 1629 et
260 1575 417 1629 ostriieram
427 1575 537 1628 dirimat
548 1573 722 1628 chalcedona
732 1591 822 1637 cursu,

96 1648 285 1715 Euxinumque
295 1644 386 1697 ferens
397 1659 481 1713 parvo
492 1651 556 1698 ruat
567 1659 615 1697 ore
627 1644 783 1714 Propontis.
839 1643 890 1694 aaa

97 1716 245 1784 Sigeasque
256 1714 426 1782 petitiones
437 1715 552 1766 mirator
561 1727 667 1777 menas,

98 1788 133 1837 Et
143 1783 291 1837 Simoentis
302 1799 396 1852 aquas,
406 1790 436 1835 et
447 1783 531 1836 Graio
542 1783 634 1835 nobile
644 1784 725 1836 husto

95 1853 232 1905 Rhoetion
238 1891 246 1918 ,
256 1859 285 1906 et
294 1853 409 1906 multum
420 1853 552 1906 debentes
563 1852 672 1905 vatibus
683 1852 802 1905 umbras.

96 1922 197 1974 Circuit
207 1929 320 1975 exustae
330 1937 430 1975 nomen
441 1922 616 1974 memorabile
627 1923 743 1984 Troiae,

96 1993 250 2058 Magnaque
260 1989 382 2042 Phoebei
392 1993 500 2059 quaerit
507 1991 625 2060 vestigia
633 1993 711 2043 muri.
840 1985 890 2036 ⁹⁶5

99 2060 154 2108 lam
167 2058 251 2110 silvae
260 2059 383 2121 steriles,
394 2065 424 2111 et
434 2066 528 2127 putres
538 2060 638 2111 rohoro
649 2060 738 2110 munci

97 2126 223 2176 Assaraci
233 2141 358 2192 pressero
369 2125 476 2190 domos,
488 2133 516 2178 et
525 2126 629 2193 templa
641 2126 755 2179 deorum
835 2159 837 2164 -

100 2197 156 2245 lam
166 2193 239 2245 lassa
250 2193 344 2244 radice
353 2199 460 2246 tenent:
480 2210 513 2246 ao
524 2201 586 2246 tota
595 2201 726 2263 teguntur

99 2264 235 2330 Pergama
244 2262 374 2313 dumetisz
393 2263 476 2313 etiam
488 2263 594 2330 periere
604 2263 709 2314 ruinae.

98 2332 153 2384 dds
172 2332 222 2383 icit
233 2330 804 2400 liesiouasscopulos,sllrasquelateates,
840 2330 892 2381 910

97 2347 233 2453 Anchisae
244 2397 395 2464 thalamos;
432 2416 467 2452 uo
478 2400 561 2451 iudex
570 2399 674 2452 sederit
684 2406 777 2452 anno:

101 2470 177 2523 Unde
187 2485 257 2537 puer
263 2474 360 2537 raptus
371 2484 422 2521 coe
432 2484 463 2521 o:
482 2484 536 2537 quo
547 2469 650 2521 vertice
662 2468 728 2522 Nais

98 2541 211 2592 Luserit
221 2539 348 2591 Oenone:
367 2538 825 2591 nullumestsiaenomiaesaxrmn.

98 2610 203 2661 luscius
212 2610 240 2660 in
252 2609 327 2660 eicco
337 2614 492 2676 serpentem
503 2607 613 2676 pulvere
624 2609 711 2660 lirum

100 2679 275 2742 Transierat,
287 2677 333 2746 qui
343 2675 470 2730 Xanthus
480 2684 553 2730 erat:
570 2691 682 2730 securas
692 2678 721 2728 in
733 2675 789 2728 alto
842 2672 894 2725 ita

100 2746 230 2799 Gramine
242 2746 363 2815 ponebat
373 2760 497 2816 gressum
515 2745 610 2814 Phryx
618 2747 712 2799 vincola
720 2758 815 2796 manes
