1980 3074
200 254 483 308 rurasnnrr.
519 255 607 307 ura.
637 257 675 306 rr.
714 234 717 239 “
771 254 805 305 rc

72 356 295 409 Sollicitisrisum
305 356 463 406 mortalibus
475 357 574 407 addere
586 373 687 419 curam,
830 354 852 405 b·

73 425 194 476 Noscant
204 432 332 474 venturas
342 430 374 474 ut
384 424 443 473 dira
454 440 503 490 per
513 426 604 476 omina
613 422 722 476 cladest

73 493 241 558 Siveparens
253 506 342 542 rerum
353 507 434 559 quuru
445 495 560 558 primum
570 492 698 544 informia
711 507 794 561 regna

72 562 269 627 Materiemque
279 560 374 609 rudem
385 559 494 610 llanrma
503 562 617 611 cadente
627 562 740 627 recepit,

73 630 164 678 Finxit
174 630 201 677 in
213 636 353 678 aeternum
365 643 484 691 caussas,
495 644 549 697 qua
559 635 659 679 cuncta
669 635 787 690 coercet,

74 696 109 747 Se
120 711 226 763 quoque
236 697 296 763 lege
307 703 411 758 tenens,
422 703 451 747 et
460 697 570 748 saecula
579 698 655 747 iussa
663 695 794 747 serentem
831 697 864 746 lt

75 767 203 815 Fatorum
214 765 327 815 immoto
339 765 429 816 divisit
438 764 523 816 limite
533 764 673 814 mundum:

74 833 136 883 Sive
146 831 211 882 nihil
221 834 338 899 positum
349 839 400 895 est,
416 834 464 884 sed
475 834 544 884 Fors
554 834 794 901 incertavagatur,

75 903 191 968 Fertque
201 900 338 968 refertque
349 904 431 963 vices,
444 907 473 952 et
483 899 566 952 habet
575 900 701 951 mortalia
713 917 804 952 casum

74 969 116 1020 Sit
125 969 252 1031 subitum,
268 970 456 1036 quodcumque
466 984 561 1036 paras:
582 971 713 1020 sitcaeca
722 969 805 1020 futuri

72 1039 151 1089 Mens
162 1035 299 1088 hominum
310 1037 374 1088 fati:
384 1038 466 1088 liceat
476 1052 586 1104 sperare
597 1038 711 1088 timenti.
832 1037 864 1087 15

125 1106 199 1172 Ergo
211 1105 258 1155 ubi
267 1107 431 1173 concipiunt,
443 1107 550 1172 quantis
560 1107 596 1156 sit
606 1105 727 1157 cladibus
739 1105 797 1156 orbi

74 1177 237 1224 Constatura
247 1174 314 1227 tides
325 1177 461 1239 superum,
471 1173 556 1224 ferale
566 1188 616 1238 per
625 1173 720 1223 urbem

76 1242 221 1290 iustitium:
233 1240 312 1291 latuit
322 1241 429 1306 plebeio
440 1248 528 1292 tectus
541 1243 640 1291 amictu

75 1310 168 1359 Omnis
179 1307 277 1358 honos:
288 1309 375 1359 nullos
386 1311 517 1359 comitata
527 1315 569 1358 cst
578 1323 699 1374 purpura
708 1307 805 1357 fasces.

74 1378 152 1425 'lunc
159 1383 269 1442 questus
275 1382 386 1426 tenuere
398 1391 470 1436 suos,
476 1390 642 1440 magnusque
653 1390 702 1440 per·
712 1389 805 1424 omnes
832 1376 865 1424 20

75 1442 194 1492 Errabat
202 1444 259 1493 sine
271 1457 339 1492 voce
349 1443 436 1493 dolor.
474 1441 519 1494 Sic
530 1441 625 1491 iuuere
634 1443 721 1508 primo

75 1512 213 1560 Attonitae
224 1515 334 1560 tacuere
345 1510 449 1571 domus,
460 1525 542 1577 quum
553 1524 670 1574 corpora
678 1509 796 1559 nondum

75 1576 251 1629 Conclamata
261 1579 361 1639 iacent,
373 1593 423 1628 nec
434 1584 521 1629 nratcr
534 1578 608 1628 crine
618 1578 708 1628 soluto

75 1648 166 1714 Exigit
177 1647 211 1696 ad
221 1661 318 1699 sacros
329 1645 488 1697 lentulorum
498 1643 611 1698 brachia
621 1647 758 1713 plauctus:

74 1714 127 1766 Sed
140 1731 219 1782 quunr
232 1716 353 1767 membra
363 1717 461 1783 premit
470 1715 591 1784 {ugiente
601 1717 717 1783 rigentia
727 1715 792 1776 rita,
834 1713 866 1764 25

77 1783 224 1850 Vultusque
235 1786 381 1845 exanimes,
388 1785 534 1853 oculosque
544 1785 572 1834 in
582 1790 672 1835 rnorte
681 1790 815 1844 nemetes,

74 1851 131 1902 Ncc
147 1854 210 1901 duni
226 1859 267 1902 est
281 1853 326 1903 ille
342 1854 433 1917 dolor,
447 1853 496 1904 sed
509 1854 564 1903 iam
576 1859 676 1905 metus:
695 1855 806 1905 incubat

482 1936 575 1973 amens

74 1989 241 2054 Miraturque
251 1991 359 2040 nralunr.
396 1990 488 2042 Cultus
499 1997 624 2041 matrona
634 1992 738 2056 priores

75 2056 220 2119 Deposuit:
242 2066 416 2124 moestaeque
427 2065 521 2109 tenent
532 2058 644 2109 delubra
653 2065 787 2109 catervae.

76 2123 134 2170 llae
148 2123 275 2186 lacrymis
287 2139 414 2189 sparsere·
423 2126 498 2187 deos,
510 2125 562 2175 hae
572 2133 688 2192 pectora
696 2126 766 2176 duro
833 2125 865 2174 3⁰

74 2189 199 2238 Adfixere
209 2189 281 2238 solor
296 2190 455 2256 lacerasque
466 2195 493 2242 in
503 2194 594 2244 limine
605 2208 684 2244 sacro

74 2257 212 2306 Attonitae
222 2255 317 2306 fudere
329 2272 433 2307 comas:
449 2261 573 2324 votisque
583 2263 677 2310 vocari

73 2324 206 2374 Adsuetas
218 2323 320 2374 crebris
331 2322 432 2374 feriunt
441 2325 588 2376 ululatibus
599 2342 687 2378 aures.

72 2391 130 2442 Nec
141 2398 256 2443 cunctae
265 2393 363 2443 summi
373 2392 473 2459 templo
483 2394 591 2444 iacuere
602 2395 746 2448 'l'onantisc

72 2461 195 2511 Divisere
207 2461 286 2512 deust
302 2467 330 2513 et
341 2461 419 2512 nullis
429 2459 515 2513 defuit
525 2463 579 2512 aris
833 2464 865 2514 35

73 2529 201 2579 luridianr
213 2528 321 2581 factura
330 2545 444 2597 parens:
461 2545 574 2597 quarum
584 2546 638 2581 una
649 2531 789 2584 madentes

72 2597 163 2648 Scissa
173 2613 266 2664 genas,
278 2598 387 2665 planctu
397 2599 511 2650 liventes
520 2604 581 2649 atra
592 2601 624 2650 lar
664 2606 719 2664 tos,

72 2664 155 2725 ll‘unc,
166 2669 213 2727 ait,
224 2682 239 2717 o
251 2667 364 2719 wiserae
377 2668 548 2720 contundite*
672 2679 771 2720 rutra.

73 2733 292 2787 Nanclasiatsn
352 2735 520 2799 nncrcbaar
