1980 3074
228 216 278 264 134
397 215 435 263 ll.
470 210 570 263 ARN.
608 209 788 263 Lucani

287 330 421 382 continuo
434 328 528 398 lugere
540 330 605 395 lupi,
619 328 714 395 lugere
725 327 840 380 revulsis

227 399 365 467 Unguibus
374 401 508 467 impastae
517 400 649 460 volucres,
661 376 967 449 dum'l'bessalavateur

226 468 319 536 ungit,
331 473 361 519 et
372 468 476 536 gelidas
488 467 544 517 loto
554 470 680 517 scrutata
689 465 821 516 medullas

166 539 215 587 636
227 536 367 587 Pulmonis
378 536 456 604 rigidi
468 541 573 588 stantes
584 535 643 586 sine
654 533 765 585 vulnere
775 532 859 585 libras

226 606 339 668 invenit,
356 610 386 657 et
393 619 489 655 vocem
501 601 631 655 defuncto
640 602 670 653 in'
680 617 797 669 corpore
808 604 926 670 quaerit.

226 675 296 725 Fata
306 679 508 740 peremptorum
521 671 705 739 pendentium
714 671 802 722 muts
810 672 946 735 virorum,

227 744 314 804 Quem
325 743 430 808 superis
442 755 587 792 revocasse
598 739 672 791 velit.
701 737 730 790 Si
741 739 839 791 tollere
848 745 927 791 totas

226 813 375 862 Tentasset
384 811 486 877 campis
498 811 580 873 acies,
593 816 622 860 et
630 808 747 860 reddere
754 807 837 871 bello,

166 882 216 932 635
226 879 378 930 Cessissent
388 879 464 946 leges
473 879 563 930 erebi:
585 883 763 944 monstroque
772 879 880 945 potenti

227 949 375 998 Extractus
386 945 484 1015 Stygio
496 947 612 1014 populus
622 952 771 1014 pugnasset
780 947 898 998 Averno.

226 1016 352 1067 Electum
361 1016 472 1067 tandem
483 1017 601 1067 traiecto
612 1020 724 1083 gutture
736 1030 837 1082 corpus

227 1085 317 1145 Ducit,
328 1090 365 1146 et,
375 1084 477 1136 inserto
488 1085 592 1153 laqueis
603 1083 732 1135 feralibus
741 1098 822 1146 unco,

227 1154 279 1205 Per
289 1152 417 1220 scopulos
427 1155 555 1204 miserum
564 1151 691 1215 trahitur,
703 1165 829 1219 persua
838 1151 959 1205 cadaver

166 1225 216 1275 646
230 1223 385 1274 Victurumt
406 1224 558 1289 montisque
569 1223 638 1284 cnm,
656 1235 735 1289 quem
747 1221 833 1272 tristis
842 1219 959 1272 llriebto

227 1291 377 1341 Damnarat
386 1292 481 1353 sacris,
492 1291 549 1341 alta
558 1289 608 1341 sub
620 1303 686 1356 rupe
697 1289 812 1340 locatur.

276 1359 359 1411 Haud
375 1359 470 1427 procul
480 1374 498 1410 a
507 1359 579 1410 Ditis
590 1359 681 1409 caecis
692 1358 823 1426 depressa
832 1360 960 1410 cavensis

227 1431 255 1480 ln
265 1443 398 1497 praeceps
404 1427 527 1480 subsedit
536 1426 646 1478 humus:
657 1441 739 1495 quam
750 1426 851 1493 pallida
861 1429 958 1494 prosis

226 1500 310 1566 Urget
322 1496 391 1548 silva
402 1497 497 1559 comis,
509 1502 537 1548 et
548 1495 621 1546 nullo
632 1497 735 1547 vertice
746 1495 852 1547 coelum

164 1568 214 1616 645
227 1566 391 1632 suspiciens,
402 1564 514 1617 Phoebo
526 1580 581 1616 non
592 1564 686 1631 pervia
694 1569 775 1615 taxus
786 1570 897 1631 opacat.

224 1636 378 1685 Marcentes
388 1634 462 1684 intus
475 1632 614 1696 tenebrae,
623 1632 779 1700 pallensque
790 1632 840 1684 sub
851 1634 942 1684 antris

224 1703 322 1770 Longa
333 1702 507 1766 noctesitns3
531 1716 691 1770 numquam,
707 1703 757 1752 uisi
774 1701 896 1753 carmine
917 1702 960 1754 la·

697 1776 789 1833 etum,·

224 1840 329 1890 Lumen
340 1837 431 1888 habet.
459 1836 519 1888 Non
530 1839 679 1890 Taenareis
689 1840 730 1890 sic
740 1838 864 1890 faucibus
877 1855 926 1891 aer

225 1907 302 1960 Sedit
312 1908 394 1970 iners,
405 1912 539 1958 moestum
551 1908 644 1958 mundi
654 1908 761 1959 contine
771 1908 892 1971 lateatls,

164 1978 214 2027 666
226 1979 263 2028 Ac
275 1978 374 2027 nostn‘:
395 1990 447 2043 quo
459 1990 514 2025 non
523 1981 647 2027 metuant
657 1977 782 2028 emittere
792 1991 888 2030 manes

225 2045 352 2097 Tartarei
363 2059 450 2112 reges.
479 2043 549 2095 Nam
560 2045 682 2112 quamvis
693 2043 828 2098 Thessala
836 2053 918 2097 rates

225 2116 286 2167 Vim
299 2114 384 2166 faciat
395 2113 469 2176 latis,
482 2113 594 2164 dubium
604 2120 655 2176 est,
666 2115 739 2182 quod
748 2115 865 2166 traxerit
876 2114 944 2168 llluc

224 2185 363 2252 Adspiciat
373 2181 496 2251 Stygias,
506 2199 540 2234 an
574 2183 628 2235 uod
641 2183 822 2246 descenderit,
836 2183 961 2237 umbras.

224 2253 360 2317 Discolor,
373 2260 402 2306 et
412 2200 601 2306 rancoribus
613 2254 702 2307 cultus
712 2255 814 2307 amictu

163 2321 212 2372 655
224 2323 355 2385 lnduitur,
367 2322 511 2392 vultusque
521 2324 650 2390 aperitur,
662 2325 736 2376 crine
748 2328 865 2386 mureto,

223 2392 260 2443 Et
271 2407 351 2443 consa
359 2393 477 2461 vipereis
488 2390 683 2461 substringitur
693 2391 806 2444 horrida
815 2392 909 2446 sertis.

222 2462 258 2513 Ut
268 2461 381 2529 pavidos
390 2462 494 2513 iuvenis
505 2462 628 2525 comites,
643 2463 784 2530 ipsumque.
795 2467 962 2513 trementem

224 2531 371 2598 Conspicit,
388 2531 506 2583 exanimi
516 2529 635 2582 delirum
646 2530 748 2582 lumina
756 2530 843 2580 vultu:

225 2599 332 2661 Ponite,
343 2601 391 2662 ait,
401 2599 508 2666 trepida
519 2607 659 2665 conceptos
670 2609 758 2652 mente
768 2598 894 2650 tinterm

162 2666 214 2718 666
226 2669 285 2720 lam
296 2685 375 2730 noea,
385 2668 441 2720 iem
452 2683 516 2719 vers
529 2668 657 2720 reddetur
667 2666 836 2737 eitsflgssrs,

227 2735 263 2788 Ut
275 2736 395 2802 quamvis
404 2737 497 2804 perilli
504 2736 610 2803 possin
621 2737 718 2788 sedite
728 2738 886 2801 toquentem.
909 2732 917 2739 ”
