1980 3074
222 207 512 259 Prinassum.
547 207 630 259 [AB
666 209 699 261 V.
776 207 825 260 Μ

94 327 151 377 Nec
163 325 267 393 perfert
278 331 390 393 pontum
401 325 505 376 Boreas
517 325 550 375 od
561 339 637 387 sus,
644 341 776 395 suumque
829 324 883 376 666

95 397 124 445 in
136 393 234 444 ductus
245 395 306 444 Cori
317 394 420 461 frangit
428 407 517 443 mare:
535 398 663 460 motoque
673 401 787 460 possunt

96 466 221 530 Aequore
231 460 370 512 subductis
382 462 464 511 etism
476 474 639 512 concurrere
650 464 745 513 ventis.

96 532 157 583 Non
168 531 236 581 Euri
246 544 369 581 cessasse
379 531 481 579 urinas:
500 544 555 578 nou
564 527 695 581 imbribus
705 536 792 581 etrum

97 600 183 652 Aeolii
192 599 310 649 iacuisse
320 596 421 648 Notum
432 595 481 648 sub
493 611 604 647 cucero
615 598 673 647 seri

97 667 278 719 Crediderim:
297 671 411 715 cunnos
421 665 503 715 solita
512 664 547 715 de
557 671 636 731 parte
645 671 756 717 ruentes
838 668 888 718 610

97 736 258 787 Defendisse
269 748 332 784 sues
342 733 461 783 violento
471 731 578 783 turbine
587 739 688 798 terrss3

98 805 143 855 Sic
153 803 265 871 pelagus
277 802 408 852 mansisse
419 800 490 852 loco.
517 800 579 852 Non
590 815 675 867 porra
683 803 810 870 procellis

96 875 223 939 Aequora
233 877 312 937 rupto
323 870 430 921 ierunt:
458 869 564 938 Aegeos
573 871 672 921 usudt
681 872 708 921 in
719 872 806 924 oudss

97 939 284 1006 Tyrrhenum:
302 944 383 989 sonat
393 938 470 988 lonio
483 952 568 1005 rogus
578 937 683 989 Hadria
692 946 786 1006 ponto.

97 1008 136 1060 th
147 1010 254 1075 quoties
264 1006 367 1057 frustra
377 1006 499 1074 puisotos
509 1020 628 1073 aequore
638 1015 745 1059 montes
838 1010 888 1078 616,

98 1076 197 1129 Obruit
207 1076 255 1127 iiis
264 1073 336 1126 diesi
391 1074 520 1126 smceiso
529 1076 671 1126 oooumins
680 1091 789 1143 pessum

98 1146 190 1197 Tellus
199 1146 275 1196 ricta
283 1143 360 1195 dedit
389 1142 450 1193 Non
460 1143 506 1193 ilio
515 1142 596 1194 litore
606 1152 720 1213 surgunt

99 1216 169 1265 Tem
178 1213 261 1265 velidi
269 1210 383 1273 dumus,
395 1211 502 1279 alioque
512 1226 547 1262 ex
557 1212 624 1262 orbe
634 1213 719 1263 roiuti

99 1285 118 1333 Α
130 1297 229 1351 magno
238 1295 338 1333 venere
348 1281 426 1341 mari,
438 1279 620 1347 mundumque
630 1295 761 1333 coercens

98 1349 289 1402 Monstriferos
301 1349 359 1417 egit
368 1348 441 1399 uude
450 1349 531 1398 sinus.
554 1346 600 1399 Sic
611 1355 703 1400 rector
714 1349 822 1418 Olympi
835 1350 887 1402 626

100 1418 217 1486 Cuspide
227 1417 349 1468 fraterno
357 1416 489 1467 lassatum
502 1417 529 1466 in
539 1416 649 1466 saeculo
658 1415 758 1468 fulmen

100 1487 220 1548 Adiuvit,
231 1498 370 1553 regnoque
380 1485 497 1536 occessit
506 1490 581 1534 terra
590 1485 720 1547 secundo,

101 1557 165 1607 Cum
177 1568 253 1604 more
263 1553 400 1604 convolvit
409 1559 577 1621 gentes‚cum
587 1553 670 1603 litore
680 1551 786 1620 Tethys

100 1623 194 1674 Noluit
204 1622 258 1671 uilo
269 1621 414 1688 psti,ooeio
426 1626 556 1672 contento
565 1623 660 1672 teneri.

100 1691 179 1744 Nunc
189 1703 295 1759 quoque
301 1695 379 1739 tanta
389 1688 562 1740 morismoles
574 1691 828 1754 crevissetinastro,
839 1693 890 1744 625

100 1759 135 1812 Ni
147 1773 274 1827 superum
285 1762 378 1808 rector
387 1759 531 1824 pressisset
541 1759 655 1810 nubibus
665 1760 760 1811 undas.

101 1829 161 1880 Non
176 1827 245 1880 coeli
255 1840 311 1877 nox
320 1825 367 1876 ilis
376 1824 440 1876 suit=
457 1825 526 1877 latet
538 1827 642 1879 obsitus
654 1843 702 1879 uer

102 1896 226 1949 Infernae
238 1895 342 1962 pallore
353 1895 463 1955 domus,
473 1894 624 1965 nimbisque
634 1903 763 1966 gravatus

102 1966 279 2033 Depn'mitur,
291 1961 443 2030 fluctusque
451 1963 831 2034 innubibusueoipitimbrem.

102 2035 257 2085 Luxetiom
267 2031 793 2101 metuendoperitneoiuigurecurrout
840 2035 891 2086 636

103 2102 190 2159 Clara.
202 2101 250 2152 sed
261 2099 405 2151 obscurum
416 2099 555 2152 nimbosus
565 2102 662 2153 dissilit
673 2117 729 2154 aer.

103 2172 181 2220 'runo
192 2183 319 2235 superum
337 2182 460 2220 convexo
474 2168 607 2231 fremunt,
629 2175 711 2238 etque
731 2171 832 2222 arduus

574 2253 633 2287 sxrs

104 2306 235 2367 insonuit,
246 2310 374 2373 motaque
385 2305 441 2372 poli
452 2320 585 2372 compage
594 2305 729 2356 laborent.

104 2375 237 2427 Extimuit
249 2380 347 2424 nature
358 2371 456 2424 oheost
476 2374 581 2438 rupisse
590 2372 715 2423 videntur

105 2443 259 2494 Concordes
270 2441 405 2493 elemento
414 2455 515 2501 mores,
526 2455 672 2509 rursusque
683 2441 773 2493 redire
843 2438 893 2491 636

104 2512 165 2564 Nox
176 2526 271 2563 manes
281 2511 401 2561 mixtum
409 2509 477 2560 deis.
505 2507 752 2574 Soesonsssiotis,

105 2581 184 2642 Quod
195 2585 272 2632 tante
281 2578 372 2628 mundi
383 2577 519 2644 nondum1
607 2591 647 2630 sn
688 2593 714 2630 s.

105 2646 380 2710 quantuslseussadio
392 2645 571 2713 placidorum
651 2671 679 2696 r·

106 2718 273 2784 Despicitor3
291 2719 398 2766 tontum
408 2716 523 2767 Utus·
