1980 3074
225 256 390 308 CARMEN
418 258 471 308 AD
499 259 698 311 Pisonem.
775 263 824 312 245

96 375 164 428 Nam
176 383 219 435 tu,
231 376 286 423 sire
298 374 362 424 libet
370 376 475 441 pariter
485 391 545 425 cum
555 376 685 442 grandine
695 377 809 439 nimbos,

96 445 241 509 Densaque
251 441 358 491 ribrata
365 441 480 492 iaculari
490 442 601 493 fulmina
610 443 710 511 lingua,

96 511 150 562 Seu
159 511 237 560 iuvat
247 508 394 560 adstrictas
403 510 432 559 in
443 510 543 560 nodum
554 526 654 578 cogere
664 527 756 572 voces,

96 581 133 630 Et
143 579 209 630 dara
219 576 312 627 subtili
322 578 427 628 urscia
436 577 520 628 verba
530 584 652 640 catenae,
852 582 883 632 dt)

96 649 158 699 Vim
168 644 344 705 Laertiadae,
354 645 515 697 brevitatem
525 647 610 696 vincis
619 647 738 697 Atridae.

95 715 194 765 Dulcia
204 728 253 764 seu
264 714 358 774 mavis,
368 713 522 780 liquidoque
531 713 644 765 lluentia
655 731 734 766 cursu

96 783 196 844 Verba,
207 797 258 832 nac
267 781 381 844 incluso,
391 782 439 832 sed
450 789 545 848 aperto
556 784 667 850 pingere
678 781 754 843 dore,

96 851 201 916 lnclyta
211 849 336 901 Nestorei
349 850 423 901 cedit
432 850 481 901 tihi
492 853 582 918 gratia
592 851 684 903 mellis.

94 919 199 981 Necte,
209 919 283 981 Piso,
293 925 384 970 tamen
396 920 496 986 populo
507 920 656 972 subiudice
666 922 724 972 sola
851 922 883 974 ⁶5

94 989 229 1039 Mirantur
239 985 314 1050 lora3
333 987 380 1038 sed
392 1004 537 1040 numerosa
546 989 626 1040 laude
636 999 746 1041 senatus

94 1057 211 1123 Excipit,
223 1063 251 1106 et
261 1058 373 1107 meritas
387 1057 476 1108 reddit
486 1058 534 1109 tibi
546 1059 622 1109 curia
631 1075 721 1111 voces.

95 1127 160 1186 Quis
172 1125 253 1191 digne
263 1124 375 1187 referat,
387 1126 472 1192 qualis
481 1126 531 1176 tibi
540 1127 600 1177 luce
610 1127 659 1177 sub
670 1127 718 1178 illa

95 1194 190 1244 Gloria
199 1194 354 1258 contigerit,
366 1208 419 1259 qua
428 1200 468 1255 tu,
478 1197 610 1245 reticente
621 1202 726 1256 senatu,

95 1263 160 1311 Cum
171 1266 219 1309 tua
229 1259 271 1310 bis
282 1274 363 1310 senos
374 1268 529 1311 numeraret
538 1277 658 1326 purpura
666 1261 765 1324 fasces,
853 1267 886 1313 tlt

95 1330 258 1378 Caesareum
269 1333 349 1393 grato
361 1329 484 1378 cecinisti
494 1335 606 1392 pectore
617 1329 733 1379 numeni

95 1397 158 1446 lluc
169 1395 250 1446 etiam
262 1400 323 1444 tota
331 1396 470 1445 concurrit
480 1396 514 1446 ab
524 1396 591 1446 urbe
599 1397 733 1458 iuventus,

98 1463 227 1516 Auditura
237 1463 332 1522 virum,
344 1464 366 1513 si
376 1463 493 1528 quando,
503 1464 593 1515 iudice
601 1463 684 1526 fesso,

103 1531 220 1583 l'urbida
228 1530 342 1596 prolatis
352 1538 497 1581 tacuerunt
505 1533 594 1600 iurgia
603 1532 698 1583 rebus:

102 1604 176 1652 l'unc
188 1601 288 1650 etenim
300 1599 403 1651 levibus
414 1600 495 1651 veluti
508 1601 627 1668 proludit
636 1603 662 1650 in
675 1605 765 1663 armis,
854 1606 887 1653 15

97 1669 315 1735 Compositisque
324 1683 387 1718 suas
398 1677 508 1720 exercet
516 1669 606 1721 litibus
617 1677 698 1722 artes.

97 1739 167 1801 Quin
179 1738 261 1788 etiarn
272 1736 359 1788 facilis
369 1737 492 1789 llomano
505 1738 614 1805 proilnit
624 1755 672 1790 ore

97 1807 837 1876 GraeciaCecropiaequesonatgravisaernulusundne.

96 1876 197 1936 'l'estis,
206 1875 327 1925 Acidalia
337 1890 406 1943 quae
418 1876 540 1927 condidit
550 1878 613 1929 alite
623 1892 724 1928 muros.

95 1944 245 1995 Euboicam
256 1943 376 1995 referens
388 1945 508 1995 secunda
518 1945 646 2012 Neapolis
657 1961 756 1997 arcem.
853 1945 887 1995 80

98 2011 200 2072 Qualis,
210 2012 239 2061 io
249 2013 349 2077 superi,
396 2013 446 2063 alis
455 2016 527 2064 nitor
539 2017 593 2064 oris
603 2017 723 2065 amoenis

96 2077 234 2131 Vocibus!
252 2079 323 2129 lllac
334 2095 365 2130 so
404 2096 421 2130 o
431 2080 536 2147 fulgore
547 2083 675 2132 micantia
686 2083 769 2134 verna

97 2146 246 2212 implevere
257 2145 348 2197 locos:
365 2145 429 2198 lrlnc
439 2157 572 2200 exornata
582 2150 674 2217 liguris

96 2214 213 2265 Advolat
223 2228 339 2265 excusso
350 2215 430 2266 relru
440 2218 574 2267 sententia
584 2225 672 2268 torno.

97 2284 200 2349 Magna
209 2281 317 2349 quidem
328 2284 415 2335 virtru
426 2290 494 2346 erat,
505 2293 542 2346 et,
553 2288 576 2335 si
587 2286 646 2337 sola
656 2287 759 2347 luisset,
850 2291 883 2340 85

97 2351 213 2418 Eloquio
223 2359 347 2402 sanemur
357 2352 439 2403 modo
451 2354 619 2418 permulcere
629 2363 762 2417 senatum,

96 2422 257 2472 Ero-erare
268 2420 328 2486 pios
339 2421 430 2484 modo,
443 2437 513 2472 nunc
523 2437 637 2474 onerare
648 2435 791 2485 nocentem

96 2489 152 2541 Sed
163 2490 308 2556 superista
318 2497 410 2541 movet
421 2491 515 2558 plenus
525 2493 660 2559 gravitate
671 2506 768 2543 serena

96 2559 204 2620 Vultus,
217 2564 245 2610 et
252 2559 350 2626 insigni
363 2561 538 2627 praestringit
546 2562 663 2628 imagine
673 2563 754 2611 risun·

97 2628 174 2680 Talis
184 2629 257 2679 inest
267 2625 384 2690 habitus,
396 2629 502 2697 qualern
514 2645 565 2679 nec
575 2630 666 2681 dicere
678 2642 817 2693 maestum,
852 2634 885 2682 iio

97 2694 156 2747 Nec
165 2693 285 2756 ssaldum,
294 2697 368 2749 laeta
378 2697 427 2750 red
437 2699 586 2748 tetricitote
596 2698 724 2751 decorum

97 2764 258 2817 Possumus:
276 2766 413 2833 ingenitae
423 2774 479 2818 stat
490 2767 639 2816 nobilitatis
651 2769 676 2817 io
690 2769 735 2818 llln
