1980 3074
187 184 477 236 l'llARSALlA.
513 188 603 237 ΜΒ.
632 189 652 237 l.
757 187 792 239 1⁹

56 306 147 355 Acciri
159 310 243 353 vates·
264 303 385 362 Quorum
397 304 440 369 qui
454 306 585 354 niaximus
596 318 665 354 aero
801 302 851 352 585

57 375 146 423 Aruns
156 369 270 420 incoluit
281 370 406 420 desertae
416 371 526 420 nroenia
535 370 637 432 Lucae,

57 439 190 490 Fulminis
201 438 315 488 edoctus
326 443 425 499 motus,
435 452 571 505 venasque
583 438 702 490 calentes

59 507 212 566 Fibrarum,
223 511 252 555 et
261 505 379 554 munitius
391 505 527 556 volitantis
535 507 564 556 in
575 520 638 557 aere
650 522 767 572 pennae:

59 576 185 624 Monstra
193 572 269 623 iubet
279 572 403 638 primum,
412 572 484 623 nullo
497 589 566 640 quae
575 576 676 624 semine
688 574 791 625 discors

60 641 217 693 Protulerat
227 647 339 701 natura,
356 641 428 706 rapi,
439 641 579 707 sterilique
590 640 722 692 nefandos
800 642 851 691 590

60 712 103 760 Ex
114 717 193 761 utero
204 708 277 758 iebus
287 706 412 759 infaustis
421 723 501 760 urere
512 708 637 760 flammis.

59 780 127 828 Mox
135 777 210 827 iubet
221 782 249 826 et
259 781 346 826 totam
355 775 460 842 pavidis
469 791 487 826 a
497 777 600 827 civibus
611 776 706 828 urbem

58 845 172 907 Ambhi,
184 850 213 897 et
221 843 293 895 festo
303 851 451 911 purgantes
461 845 568 895 muenia
578 844 673 907 lustro,

59 913 158 981 Longa
168 927 216 979 per
227 917 365 963 extrenuos
375 913 518 978 pomoeria
527 912 635 978 cingere
645 913 713 964 fines

59 981 221 1042 Pontifices,
233 980 306 1030 sacri
316 977 412 1046 quibus
423 985 465 1030 est
475 980 606 1046 permissa
636 987 746 1032 otestss.
802 979 852 1029 595

59 1048 155 1098 Turba
164 1049 252 1098 minor
263 1049 317 1097 ritu
327 1047 449 1113 sequitur
459 1049 600 1098 succincta
610 997 725 1109 gabino,

60 1115 252 1182 Vestalemque
263 1113 376 1165 chorum
386 1113 461 1165 ducit
472 1116 570 1166 vittata
580 1116 719 1176 sacerdos,

60 1184 208 1233 Troianam
219 1181 271 1233 soli
283 1183 327 1232 cui
339 1181 381 1232 ias
391 1182 491 1232 vidisse
502 1183 660 1234 Minervam.

59 1252 138 1301 Tunc
149 1251 194 1318 qui
202 1249 261 1301 fata
273 1250 353 1301 deum
363 1255 523 1316 secretaque
535 1252 656 1301 carmina
665 1260 783 1310 servant,

59 1320 96 1368 Et
105 1317 190 1368 lotum
200 1332 285 1384 parvo
296 1323 428 1367 revocant
437 1316 548 1368 Almone
560 1318 701 1383 Cybeben:
801 1318 851 1366 lilio

60 1387 97 1434 Et
108 1384 204 1434 doctus
213 1384 338 1434 volueres
350 1398 436 1450 augur·
446 1398 554 1433 servare
565 1385 699 1435 sinistras:

61 1452 265 1518 Septemvirque
275 1450 360 1516 epulis
372 1449 463 1511 iestis,
474 1450 593 1517 Titiique
604 1451 722 1501 sodaless

62 1521 97 1569 Et
106 1517 196 1569 Salius
206 1517 281 1568 laeto
291 1523 403 1583 portans
415 1517 512 1567 ancilia
524 1517 607 1568 collo:

59 1585 245 1652 Attollensque
257 1601 274 1634 a
291 1586 362 1635 icem
372 1599 507 1652 generoso
519 1586 621 1636 vertice
632 1586 750 1637 Flamen.

61 1656 185 1722 Dumque
197 1653 235 1704 illi
246 1669 261 1705 e
301 1668 358 1704 sam
371 1651 458 1720 leugis
469 1653 645 1705 amfractibus
657 1655 750 1706 urbem
801 1654 851 1704 6⁰5

59 1725 219 1784 Circueunt,
230 1723 317 1773 Aruns
328 1721 465 1788 dispersos
474 1721 592 1774 fulminis
601 1724 678 1791 ignes

59 1792 176 1857 Colligit,
186 1797 215 1842 ct
225 1797 314 1841 terrae
324 1796 430 1841 moesto
442 1805 502 1841 eum
514 1807 650 1842 murmure
663 1791 763 1848 condit,

60 1861 167 1926 Datque
179 1859 247 1910 loeis
258 1873 356 1910 nomen
367 1859 460 1909 sacris.
481 1860 559 1909 Tune
572 1859 698 1910 admovet
709 1861 763 1910 aris

60 1928 156 1978 Electa
166 1928 271 1978 cervice
282 1941 392 1978 ararem.
415 1926 472 1977 lam
483 1926 596 1979 fundere
607 1926 744 1978 Baecbum

61 1998 203 2061 Coeperat,
216 1995 269 2046 obli
290 2008 378 2061 uoquc
389 1995 476 2045 molas
486 1995 615 2047 inducere
626 1997 727 2046 cultro:
799 1994 849 2045 610

60 2063 258 2128 lmpatiensquc
269 2011 315 2112 giu
325 2078 378 2113 non
389 2062 460 2130 grati
470 2065 580 2114 uictima
591 2065 671 2126 sacri,

60 2133 168 2180 Cornua
180 2131 310 2179 succincti
322 2131 477 2195 premerent
488 2147 548 2180 cum
560 2140 637 2182 torva
649 2131 772 2189 ministri.

61 2197 193 2262 Deposito
203 2197 303 2245 victum
314 2195 462 2260 praebebat
473 2199 573 2264 poplite
585 2199 690 2249 collum.

60 2264 117 2318 ,blec
130 2277 211 2313 cruor
221 2263 330 2312 emicuit
340 2261 448 2312 solitus:
459 2265 506 2312 sed
518 2265 627 2314 vulnere
636 2265 712 2330 largo

60 2331 195 2383 Diffusum
207 2329 287 2387 rutilo
300 2330 404 2396 nigrum
414 2343 464 2394 pro
475 2332 604 2396 sanguine
615 2333 692 2381 virus
800 2332 849 2382 615

61 2401 160 2452 Palluit
172 2399 310 2448 adtonitus
323 2397 408 2447 sacris
419 2394 547 2447 feralibus
558 2400 652 2459 Aruns,

61 2471 147 2536 Atque
157 2469 225 2518 iram
236 2480 363 2534 superum
375 2465 459 2544 raptis
471 2467 602 2532 quaesivit
611 2467 638 2516 in
651 2470 728 2517 extis.

60 2538 172 2587 Terruit
180 2537 239 2603 ipse
251 2535 327 2586 color
337 2539 440 2584 vatem:
455 2549 515 2584 nam
526 2535 627 2601 pallida
637 2537 732 2586 taetris

63 2606 174 2656 Viscera
183 2607 270 2655 tincta
280 2605 366 2665 notis,
376 2602 519 2671 gelidoque
529 2603 632 2655 insecta
642 2620 738 2655 cruore

61 2672 193 2724 Plurimus
205 2673 336 2739 adsperso
347 2671 470 2721 variabat
480 2675 609 2741 sanguine
621 2673 696 2723 livor.
800 2674 851 2725 620

596 2742 645 2791 Ba
