1980 3074
201 101 485 153 Pusam-ll.
520 102 611 154 ΜΒ.
641 102 707 153 vll.
779 98 828 151 1⁶1

148 218 244 270 Nonne
254 220 331 271 iuvat
339 219 447 285 pulsum
455 219 533 271 bellis
545 220 668 281 cessisse,
679 233 731 270 uec
741 218 820 269 istud

97 289 291 354 Perspectasse
301 284 397 338 uelasl
418 285 581 354 spumantes
591 287 675 338 caede
685 293 819 350 catervas,

95 356 212 421 Respice
223 353 349 405 turbatos
358 356 469 419 incursu
479 356 617 422 sanguinis
627 370 731 418 amnes,
835 355 886 404 100

96 425 134 474 Et
143 423 234 474 soceri
243 423 372 473 ndscrcre
383 423 431 472 tui.
452 423 512 484 Quo
521 427 634 489 pectore
644 423 759 473 Romam

96 491 222 553 Intrabit,
232 489 322 541 factus
333 490 437 557 campis
448 489 555 541 felicior
563 488 641 541 istisl

97 559 234 627 Quidquid
244 560 272 609 in
282 559 385 626 ignotis
395 558 469 609 solus
479 557 635 626 regioussrus
645 557 731 620 exsul,

97 628 235 695 Quidquid
247 626 297 678 sub
307 625 409 678 Phario
419 627 525 694 positus
535 627 641 694 patiere
651 632 783 692 tyrann03

96 693 686 764 crededeis,longofatcmmmedelarum,
841 694 890 744 100

95 766 214 817 Vincere
226 765 382 831 peiuscrat.
410 762 530 815 Prohibe
540 764 660 815 lamenta
670 776 778 824 sonare,

96 833 175 885 llere
185 839 249 884 veta
259 833 389 900 populos;
404 833 540 900 lacrymas
551 833 694 899 luctusque
703 831 820 882 remitte.

96 903 165 952 Tam
184 902 257 953 mala
275 902 418 968 Pompeii,
443 916 523 969 quam
545 915 687 1019 prospeqc,
712 898 828 952 mundus

629 973 734 1020 eoum

95 1038 211 1105 Adspice
220 1053 332 1089 securus
343 1039 419 1089 vultu
429 1054 484 1090 uon
494 1039 615 1106 supplice
625 1052 718 1106 regcsc

95 1107 212 1173 Adspice
222 1120 364 1173 possessus
374 1106 466 1169 urbes,
477 1107 633 1175 donataque
643 1120 738 1173 regna,
843 1106 893 1153 110

97 1177 260 1242 Aegyptum,
270 1175 458 1242 Libyamquet
479 1180 508 1226 ct
518 1181 606 1225 terras
617 1171 786 1242 cligemorti.

148 1243 225 1293 Vidit
235 1243 323 1309 prima
332 1248 397 1293 tuae
405 1243 485 1294 testis
495 1241 608 1294 Larissa
618 1243 712 1292 urinae

97 1309 204 1371 Nobile,
216 1324 267 1360 nec
276 1310 379 1360 victum
389 1308 454 1360 latis
466 1316 556 1376 caput.
586 1308 717 1360 Ommlsus
728 1307 775 1358 illa

99 1378 207 1429 Civibus
218 1377 315 1429 elludit
324 1382 399 1429 totas
409 1392 460 1444 per
469 1378 578 1429 moenia
587 1379 673 1429 viresz

98 1443 786 1513 osuscusuoeuquumuuuunmnuafluuu:
839 1443 890 1492 115

98 1513 833 1582 Panduuttemplmdcmosrsociossecladibusoptant.

98 1583 210 1635 Scilicet
218 1585 351 1636 immenso
363 1590 489 1653 superest
500 1599 534 1636 ex
544 1584 653 1636 nomine
664 1582 787 1645 multum,

97 1655 192 1721 Teque
204 1655 292 1705 minor
303 1654 377 1705 solo:
396 1659 510 1706 cunctos
519 1652 659 1724 impellere
671 1656 767 1722 gentes

97 1723 200 1775 Rursus
211 1723 238 1774 in
250 1738 327 1775 arma
337 1729 427 1791 potes,
438 1738 586 1792 rursusque
596 1723 624 1776 iu
634 1721 694 1775 fata
705 1720 802 1774 redire.

98 1790 161 1852 Sed,
173 1792 239 1859 quid
248 1808 315 1860 opus
324 1793 396 1844 victo
404 1792 515 1860 populis
524 1801 574 1846 sut
584 1791 711 1845 urbibus!
726 1789 826 1859 inquit:
843 1791 894 1841 110

101 1857 203 1912 Victori
209 1860 450 1930 praestatefldem.
480 1862 534 1926 Tu,
542 1863 652 1926 Cacsar,
660 1863 688 1913 in
699 1860 755 1912 alto

98 1929 195 1980 Caedis
205 1927 294 1979 adhuc
306 1929 413 1980 cumulo
425 1931 533 1998 patriae
542 1945 593 1998 per
602 1932 709 1982 viscere
717 1929 807 1981 vadis:

98 1998 132 2047 lt
142 1995 192 2046 tibi
201 1997 256 2046 iam
265 1995 383 2062 populos
394 1997 480 2048 donat
489 2012 581 2064 gener.
609 1996 707 2049 Avehit
715 1997 778 2048 inde

98 2064 257 2129 Pompeium
268 2063 392 2128 sonipes:
402 2064 520 2132 gemitus
529 2063 711 2132 lacrimaeque
718 2079 831 2131 sequun-

571 2137 630 2182 tur:

99 2198 274 2264 Plurimaque
282 2199 311 2247 in
322 2211 419 2248 saevos
428 2197 521 2265 populi
533 2199 657 2249 convicia
667 2198 752 2248 divos.
843 2199 893 2248 120

99 2266 178 2318 Nunc
188 2264 236 2317 tibi
246 2280 312 2317 vera
323 2263 391 2316 fides
401 2265 526 2333 quaesiti,
536 2265 646 2334 Magne,
656 2263 758 2317 laveris
793 2269 795 2272 ’

98 2337 226 2404 Contigit,
238 2350 271 2386 ac
281 2333 396 2386 fructus.
423 2334 500 2386 Felix
511 2350 541 2388 se
552 2334 641 2386 nescit
651 2333 744 2385 amari.

150 2407 252 2458 Caesar
261 2409 293 2456 ut
303 2403 440 2471 Hesperio
451 2401 520 2457 vidit
528 2403 595 2456 satis
607 2416 673 2453 arra
683 2408 778 2453 uetare

98 2475 244 2544 Sanguine,
256 2472 423 2543 percendum
434 2471 508 2526 ierro
519 2472 697 2539 manibusque
708 2485 819 2523 suorum

99 2546 154 2594 lam
167 2550 253 2607 ratus,
264 2550 295 2595 ut
305 2542 372 2594 siles
385 2543 489 2594 animus
499 2543 621 2611 perituro
639 2555 673 2592 ue
682 2538 786 2591 frustra
841 2539 893 2591 130

98 2612 425 2681 Agminapermisitritae
462 2609 516 2664 Sed
528 2616 619 2663 castra
659 2613 739 2729 {utos

132 2681 306 2733 Lucluus
