1980 3074
222 226 508 278 Pflaasnaln.
544 224 636 275 ΜΒ.
667 224 718 274 lv.
801 223 835 275 19

99 351 196 397 Aestus
208 353 281 412 agat,
292 345 431 411 reiluoque
442 345 510 393 mari
519 343 653 394 nudentur
665 357 772 394 arenae.

100 418 211 482 lamque
223 414 355 464 relabenti
367 412 527 463 crescebant
536 411 618 462 litora
630 417 729 477 ponto;

99 486 186 534 Missa
200 483 266 532 ratis
278 496 365 549 prono
377 480 499 531 defertur
507 480 585 546 lapsa
595 479 739 545 profundo,
844 480 894 530 430

101 555 137 602 Et
146 552 271 618 geminae
284 551 405 601 comites.
425 551 542 600 Cunctas
548 563 630 614 super
641 548 726 599 ardua
735 549 820 598 turnis

101 622 218 680 Eminet,
230 625 259 670 et
270 619 392 670 tremulis
400 617 523 668 tabulata
532 618 664 667 minantia
674 618 769 681 pinnis.

101 688 194 739 Noluit
204 687 330 753 illyricae
342 692 434 738 custos
446 686 574 737 Octavius
585 685 674 735 undae

101 757 250 808 Confestim
262 762 370 806 tentare
381 762 477 818 ratem,
489 755 646 821 celeresque
658 755 764 804 caunas

99 827 249 889 Continuit,
261 840 342 875 cursu
353 830 461 876 crescat
471 824 535 874 dum
547 822 649 889 praeda
658 823 791 873 secundo:
841 822 892 872 435

100 897 135 945 Et
144 900 247 946 temere
256 891 577 961 ingressosrepetendum
584 891 720 942 imitated
731 906 834 959 aequor

100 965 172 1014 Pace
182 964 273 1013 maris.
302 960 348 1012 Sic
359 961 422 1012 dum
434 960 546 1028 pavidos
556 959 700 1011 formidine
711 975 807 1011 cervos

99 1031 214 1082 Claudat
226 1032 357 1082 odoratae
368 1036 521 1082 metuentes
532 1043 597 1080 aera
607 1031 717 1096 pinnae:

99 1104 152 1151 Aut
162 1101 224 1150 dum
237 1100 374 1166 dispositis
387 1099 502 1150 adtollat
511 1100 582 1149 retia
591 1100 663 1148 varis

100 1171 231 1230 Venator,
242 1174 319 1219 tenet
331 1183 381 1219 ora
389 1168 456 1218 levis
467 1168 587 1218 clamosa
596 1167 718 1227 Molossi,
842 1168 892 1214 440

100 1237 250 1303 Spartanos
262 1239 410 1304 Cretasque
420 1236 500 1302 ligat:
511 1250 561 1285 nec
573 1235 692 1285 creditur
704 1233 774 1284 ullae

100 1306 184 1370 Sylva
195 1307 265 1366 caui,
276 1306 326 1355 nisi
339 1305 383 1372 qui
394 1318 489 1370 presso
500 1304 616 1369 vestigia
627 1309 716 1353 rostro

102 1375 218 1440 Colligit,
231 1379 258 1422 et
269 1373 372 1438 praeda
381 1373 469 1422 nescit
478 1371 580 1421 latrare
588 1376 706 1435 reperta,

101 1443 250 1491 Contentus
260 1440 376 1491 tremulo
387 1444 554 1489 monstrasse
567 1437 665 1488 cubilia
675 1436 743 1488 loro.

100 1508 158 1559 Nec
170 1524 261 1559 mora:
274 1507 444 1573 complentur
455 1506 549 1567 moles,
560 1506 691 1573 avideque
705 1508 797 1572 petitis
842 1510 892 1560 445

101 1577 190 1627 lnsula
202 1577 337 1627 deseritur
346 1576 462 1627 ratibus:
476 1589 529 1642 quo
540 1582 664 1640 tempore
676 1577 776 1641 primas

99 1646 216 1712 impedit
227 1646 261 1695 ad
271 1651 379 1695 noctem
390 1647 445 1696 iam
457 1645 503 1695 lux
513 1649 635 1694 extrema
645 1644 779 1696 tenebras.

98 1718 132 1766 at
141 1716 324 1781 Pompeianus
334 1713 444 1766 fraudes
453 1715 593 1764 innectere
603 1719 687 1780 ponto

96 1787 213 1852 Antiqua
221 1789 302 1850 parat
312 1790 371 1835 arte
383 1784 459 1846 Cilix,
470 1797 620 1849 passusque
629 1797 728 1833 vacare

96 1853 207 1905 Summa
218 1853 281 1904 freti
289 1890 297 1914 ,
306 1853 397 1905 medio
408 1851 549 1918 suspendit
559 1851 666 1902 vincula
677 1860 771 1918 ponto,
839 1856 892 1904 450

96 1924 131 1972 Et
142 1923 218 1973 laxas
228 1922 334 1972 fluitare
344 1923 408 1973 sinit
417 1922 568 1989 religatque
579 1926 690 1972 catenas

96 1992 178 2058 Rupis
191 1991 224 2040 ab
241 1991 367 2056 illyricae
387 1991 513 2056 scopulis.
552 1987 609 2039 Nec
624 1990 724 2054 prima,
742 2005 829 2058 neque

508 2057 562 2117 illa,

97 2128 175 2186 Quae
187 2127 323 2192 sequitur,
334 2124 443 2174 tardata
454 2126 534 2175 ratis:
546 2125 594 2175 sed
604 2127 687 2176 tertia
698 2127 783 2177 moles

98 2196 204 2254 Haesit,
215 2200 243 2244 et
254 2193 288 2242 ad
300 2199 394 2256 cautes
406 2191 524 2242 adducto
534 2192 598 2243 fune
609 2200 705 2244 secuta
713 2201 763 2245 est.

97 2261 257 2328 impendent
268 2276 336 2311 cara
347 2275 414 2310 saxa
423 2261 503 2309 mari:
515 2262 672 2327 ruituraque
682 2277 789 2328 semper
837 2265 888 2315 455

96 2330 159 2381 Stat
168 2332 289 2393 (mirum)
300 2329 398 2380 moles:
410 2335 439 2378 et
448 2328 521 2378 silvis
532 2343 634 2394 aequor
643 2330 787 2382 inumbrat.

98 2401 158 2450 Huc
168 2399 272 2451 fractas
283 2397 414 2466 Aquilone
425 2403 507 2458 rates,
517 2395 711 2465 submersaque
722 2407 822 2464 pontus

95 2472 218 2535 Corpora
231 2483 313 2534 saepe
324 2466 399 2529 tulit,
415 2467 559 2549 caecisque
575 2466 754 2518 absconditio
772 2484 818 2520 an-

95 2606 223 2656 Rcstituit
235 2612 329 2672 raptus
340 2611 443 2656 tectum
456 2542 673 2673 martgseumque
684 2621 817 2658 cavernae

95 2674 246 2725 Evomuere
257 2675 371 2734 fretum,
384 2675 503 2725 contorti
513 2676 623 2726 verticis
632 2674 723 2725 'undae
836 2676 887 2726 460

94 2743 352 2794 'laurenrenitanam
365 2745 476 2793 rincunt
486 2742 594 2795 fervore
608 2743 781 2810 Charybdim.
