1980 3074
213 229 720 285 rasassmnureuu.
783 233 834 287 sss
900 199 903 207 ’

98 348 196 411 Induit,
209 354 256 399 aut
267 349 358 415 plures
368 353 526 416 presserunt
536 364 602 401 sera
612 365 727 418 pennee,
840 352 893 404 83⁵

98 419 185 468 Omne
197 431 292 468 nemus
302 418 375 468 nisit
384 416 516 480 volueres,
528 419 668 486 omnisque
679 427 794 471 cruenta

99 486 168 537 Alite
177 485 333 553 sanguineis
344 485 455 536 stillavit
466 485 573 539 roribus
583 485 673 537 arbes.

99 552 188 620 Saepe
198 568 280 620 super
291 553 381 603 vultus
391 554 511 615 victuris,
523 554 598 605 etim
618 555 646 604 ie
655 556 733 622 signa

98 624 152 673 llut
162 636 253 685 cruor,
265 627 314 673 eut
323 620 380 672 altu
390 619 504 675 defluxit
514 621 549 674 ab
562 628 608 673 eet
628 636 674 674 ere
684 623 772 686 tabes,

97 689 276 758 Membraque
287 690 396 754 deecit,
407 691 462 741 iam
472 689 551 742 lassis
560 691 704 759 unguibus,
715 692 780 743 ales.
843 695 893 743 840

98 758 144 810 Sic
154 774 262 828 qnoque
274 774 328 810 non
341 757 428 810 omnis
439 759 555 826 populus
566 760 734 827 pervenitad
746 776 817 823 usse,

98 829 182 895 lnque
192 827 266 880 ieras
277 828 431 899 discerptus
441 827 512 879 abitt
530 837 585 880 non
594 829 692 880 intime
701 836 797 880 curant

98 896 222 959 Viscera,
232 911 283 949 nec
295 902 369 950 tetes
380 897 476 950 avidae
488 896 601 950 sorbere
610 898 757 951 medullas:

97 965 252 1033 Degustant
263 971 347 1018 artus.
374 965 474 1018 Latiae
484 981 548 1034 pars
558 967 679 1019 maxima
687 967 784 1020 turbae

98 1033 232 1085 Fastidita
240 1035 327 1085 iacet:
347 1051 427 1103 quam
439 1035 480 1087 sul
490 1035 627 1104 nimbique
638 1035 749 1105 diesque
841 1037 891 1087 84⁵

97 1102 158 1153 Len
178 1103 219 1154 'or
228 1101 363 1155 Emathiis
373 1103 522 1155 resolutam
533 1106 642 1156 miscuit
652 1105 732 1156 arvis.

193 1171 292 1223 esselis
300 1170 396 1224 inielix
406 1187 460 1240 quo
470 1177 548 1224 tanto
560 1173 671 1224 crimine
683 1173 762 1224 tellus

96 1238 217 1290 Laesisti
226 1255 351 1307 superos,
362 1247 393 1291 ut
402 1247 431 1291 te
442 1246 485 1292 tot
493 1240 628 1291 mortibus
638 1256 729 1303 unani,

97 1309 154 1358 Tot
174 1307 307 1359 scelerum
329 1306 394 1359 fatis
414 1306 586 1375 promerenti
616 1308 696 1369 Quod
715 1310 817 1360 sufficit

570 1391 675 1438 uerum,
807 1389 809 1394 ⁸

97 1446 242 1495 lmmemor
252 1447 283 1493 ut
292 1442 377 1494 donet
387 1442 451 1494 belli
459 1443 509 1494 tibi
522 1443 621 1493 dasnna
631 1441 771 1495 vetustas!
841 1445 892 1494 85⁰

97 1513 175 1574 Quae
185 1526 265 1580 seges
274 1509 378 1563 iniecta
387 1516 481 1579 surget
490 1526 545 1563 nen
555 1509 669 1563 decolor
677 1508 778 1562 beibal

97 1583 159 1643 Qun
169 1594 224 1632 non
234 1580 374 1632 Romanos
384 1579 498 1632 violabis
507 1594 617 1632 vomere
628 1577 738 1632 menesi
799 1606 801 1609 ·

96 1653 263 1701 Antenoreo
274 1650 385 1701 venient
396 1649 479 1712 ecies,
490 1649 642 1718 scelerique
651 1649 771 1701 secundo

96 1718 263 1782 Praestabis,
269 1718 389 1770 nondum
399 1719 489 1771 siccos
499 1716 554 1770 hoc
565 1719 704 1788 sanguine,
712 1732 831 1786 campos.

97 1787 582 1843 Omnlemeiorumvertemusbuste
589 1786 692 1851 licebit,
841 1788 892 1841 855

98 1859 247 1910 asstantes
258 1857 388 1920 tumulus,
399 1857 484 1926 etqui
494 1855 587 1909 radice
597 1862 706 1910 vetuste

99 1927 227 1979 [illudere
236 1942 309 1988 sues,
319 1927 399 1978 victis
410 1926 596 1994 compagibus,
606 1942 702 1979 umess

99 1995 162 2045 Plus
173 1996 295 2047 cinerum
306 1994 476 2047 Haemoniae
488 1995 569 2046 sulcis
579 1995 684 2048 telluris
695 2000 796 2054 uratur,

98 2062 233 2129 Pluraque
245 2061 370 2113 ruricolis
380 2061 515 2116 feriuntur
525 2062 651 2115 dentibus
662 2079 734 2116 essu.

98 2125 377 2182 Nullusablimetbiu
387 2129 531 2197 religasset
541 2130 621 2182 litore
630 2131 722 2183 funem
842 2131 893 2182 860

97 2197 206 2259 Navita,
218 2211 270 2248 nec
278 2202 382 2247 terrem
392 2199 533 2265 quisquam
544 2200 675 2252 movisset
686 2205 789 2261 aretur,

98 2265 213 2317 Romani
222 2265 333 2316 bustum
344 2265 450 2332 populls
468 2264 648 2333 fugerentque
658 2267 748 2319 cnlonl

98 2331 259 2387 Umbrarum
271 2346 391 2399 campos,
401 2333 530 2402 gregibus
541 2333 652 2386 damete
663 2344 801 2388 carerentz

97 2402 246 2472 Nullusque
256 2401 372 2455 auderet
381 2403 475 2470 pecori
487 2402 645 2469 permittere
675 2409 751 2455 aster

97 2472 207 2525 Vellere
216 2478 374 2542 surgentem
384 2471 418 2524 de
429 2471 530 2523 nestris
541 2471 647 2523 ossibus
655 2419 782 2524 Kerbnms
841 2473 893 2525 865

96 2543 144 2605 Ac,
154 2541 384 2609 velutimpetiens
395 2538 543 2605 hominnm,
554 2540 764 2611 velsolisinlqul
786 2544 799 2596 i
833 2596 835 2603 ,

96 2608 206 2675 Limite,
216 2611 261 2663 vel
270 2609 369 2680 glaeie,
380 2610 453 2662 nuda
459 2616 546 2679 ‚sitque
555 2609 650 2679 ignote
659 2610 774 2671 laceres,
805 2603 829 2638 '³¹‘
862 2626 864 2633 ·

97 2677 127 2731 bi
135 2694 189 2732 nun
200 2681 289 2747 prime
297 2679 376 2732 neiss
385 2679 458 2742 belli,
469 2679 520 2732 sed
530 2679 590 2732 sula
600 2679 717 2731 tulisses.
816 2682 818 2686 '

98 2748 121 2800 0
130 2750 230 2815 superi,
240 2749 324 2801 liceat
332 2754 422 2802 terres
433 2748 523 2800 odisse
533 2755 673 2800 nocentes.
682 2791 689 2798 .
