1980 3074
223 107 512 160 Prinassum.
549 108 638 158 ΜΒ.
661 108 711 158 lX.
788 109 837 159 ²15

101 228 266 297 Signiferum
275 231 400 279 iuvenem
413 225 552 292 Tyrrheni
562 227 701 294 sanguinis
713 225 818 290 Aulum,

100 300 189 349 Torta
199 304 282 364 caput
292 303 377 359 retro,
388 296 489 362 Dipsas
499 294 606 346 calcata
615 295 772 346 momordit.

100 367 154 418 Vix
165 365 244 416 dolor
255 371 303 416 aut
313 380 409 417 sensus
421 363 511 415 dentis
521 361 585 414 fuit:
603 364 717 431 ipsaque
729 364 775 415 leti

100 436 173 486 Fons
185 441 262 486 caret
270 433 386 484 invidia:
405 432 609 500 necquidquam
616 432 697 499 plaga
708 434 835 510 minatur.
847 435 897 483 tlo

100 505 174 555 Ecce
185 502 258 554 subit
268 503 342 553 virus
353 501 478 563 tacitum,
490 501 632 568 carpitque
643 500 774 552 medullas

102 573 174 641 lgnis
186 572 265 634 edax,
278 571 419 639 calidaque
430 570 552 620 incendit
561 570 668 621 viscera
679 570 750 620 tabe.

99 641 192 692 Ebibit
203 640 345 691 humorem
357 641 459 691 circum
470 639 565 690 vitalia
575 637 664 690 iusum

100 712 198 772 Pestis,
210 717 238 760 et
248 711 276 760 in
288 711 363 762 sicco
374 709 494 778 linguam
506 714 612 760 torrere
622 709 715 776 palato

99 781 210 845 Coepit3
229 778 353 831 defessos
363 780 418 830 iret
428 778 474 846 qui
484 777 568 830 sudor
577 779 605 829 in
617 785 694 829 artus
822 842 824 844 Ι
849 780 898 829 ῖ45

99 848 160 899 Non
172 848 232 912 fuit,
245 855 327 917 atque
339 848 434 900 oculos
444 847 628 914 lacrymarum
639 863 710 899 rena
720 847 830 917 refugit.

100 917 160 968 Non
172 918 255 970 dacus
266 919 382 986 imperii,
393 933 447 969 non
458 917 556 969 moesti
567 918 629 968 iura
639 919 750 970 Catonis

98 987 244 1039 Ardentem
256 995 370 1040 tenuere
381 988 478 1050 virum,
490 989 553 1056 quin
565 1001 696 1056 spargere
708 990 786 1056 signa

98 1057 226 1118 Auderet,
239 1060 358 1125 totisque
369 1055 463 1108 furens
474 1058 630 1124 exquireret
641 1057 723 1124 agris,

100 1126 174 1185 Quas
205 1127 319 1178 oscebat
330 1141 415 1193 aquas
426 1126 520 1176 sitiens
530 1127 558 1175 in
570 1124 654 1176 corde
665 1141 806 1176 venenum.
848 1126 899 1174 ibt)

101 1142 227 1244 lllerefin
234 1195 444 1245 Tanainmissus
455 1192 671 1261 Rhodanumque
679 1194 847 1261 Padumque,

98 1262 223 1323 Arderet,
235 1262 380 1330 Nilumque
387 1262 484 1312 bibens
495 1277 544 1328 per
555 1277 620 1311 rura
629 1267 784 1330 vagantem.

97 1332 221 1382 Accessit
231 1332 314 1382 morti
326 1330 424 1395 hibye,
436 1329 554 1398 latisque
566 1330 699 1381 minorem

97 1401 211 1451 Famam
223 1400 324 1466 Dipsas
335 1396 428 1461 babet,
440 1399 521 1450 terris
532 1399 627 1450 adiuta
637 1402 764 1466 perustis.

98 1467 244 1520 Scrutatur
252 1483 336 1520 venas
346 1469 477 1535 penituss
496 1467 613 1519 ualentis
624 1483 739 1520 arenae:
847 1472 897 1521 755

99 1538 177 1589 Nunc
187 1537 260 1588 redit
272 1538 306 1589 ad
318 1535 425 1603 Syrtes,
438 1543 466 1589 et
476 1483 575 1588 fluctus
586 1538 686 1607 accipit
699 1554 761 1590 ore:

98 1610 310 1727 Aequoreusque
323 1608 424 1674 placat,
434 1606 483 1658 sed
492 1607 605 1658 nonsibi
615 1606 727 1671 sullicit,
733 1605 839 1659 humor.

98 1676 156 1728 Nec
168 1677 251 1728 sentit
274 1678 367 1745 utique
378 1692 474 1745 genus,
485 1681 657 1746 mortemque
668 1679 775 1742 veneni,
818 1686 820 1692 '

98 1746 152 1797 Sed
163 1752 243 1814 putat
253 1761 314 1798 esse
323 1746 413 1808 sitim,
425 1745 554 1815 ferroque
566 1747 674 1815 aperire
685 1753 822 1800 tumentes

99 1815 234 1867 Sustinuit
242 1831 336 1877 venas,
349 1822 432 1884 atque
444 1832 475 1867 os
484 1816 599 1885 implere
609 1831 717 1869 cruore.
849 1817 900 1869 roo

100 1886 180 1935 lussit
192 1886 269 1952 signa
279 1886 339 1952 rapi
349 1899 467 1953 propere
480 1886 563 1936 Cato:
582 1886 689 1938 discere
699 1886 764 1937 nulli

99 1953 266 2004 Permissum
278 1960 321 2004 est
331 1950 384 2004 boc
398 1968 480 2022 posse
492 1954 574 2005 sitim.
593 1952 648 2006 Sed
659 1956 765 2007 tristior
773 1956 821 2007 illa

98 2022 175 2071 Mors
186 2026 247 2070 erat
257 2027 320 2072 ante
332 2023 442 2073 oculos=
460 2023 608 2091 miserique
618 2023 839 2076 incrureSabelll

99 2087 168 2154 Seps
179 2090 256 2139 stetit
268 2090 391 2156 exiguus,
407 2105 487 2158 quem
498 2089 571 2142 flexo
583 2091 665 2142 danto
676 2098 802 2144 tenacem

98 2156 255 2224 Arulsitque
265 2172 357 2220 manu,
368 2157 477 2227 piloque
488 2159 585 2209 adlixit
594 2161 692 2211 arenis.
849 2162 900 2214 rot

98 2226 189 2278 Parvo
198 2225 282 2276 modo
293 2241 422 2293 serpens3
441 2227 489 2279 sed
502 2242 556 2296 qua
566 2243 620 2278 non
632 2228 689 2279 ulla
699 2236 829 2282 cruentae

98 2295 218 2348 Tantum
226 2292 419 2347 mortishahet
432 2294 501 2348 Nam
507 2295 605 2365 plagae
612 2299 844 2365 proximacircum

97 2367 180 2436 Fugit
190 2371 272 2433 rapta
283 2365 363 2428 cutis,
374 2365 559 2434 pallentiaque
571 2382 636 2419 ossa
645 2369 753 2420 retexit.

96 2438 208 2504 lamque
219 2437 279 2487 sinu
289 2434 353 2487 laxo
363 2435 464 2486 nudum
477 2437 589 2489 estsine
600 2451 717 2506 corpore
728 2438 838 2503 vulnus3

95 2505 221 2558 Membra
230 2511 328 2556 natant
337 2506 427 2558 sanie:
446 2520 527 2558 surae
534 2504 652 2558 lluxeret
669 2508 728 2559 sine
740 2506 795 2559 ullo
848 2511 898 2561 illl

96 2575 231 2643 Tegrnine
242 2573 338 2642 poples
347 2581 421 2627 erat:
442 2573 838 2644 lemorumquoquemusculns

573 2648 660 2697 omnis
