1980 3074
229 232 518 285 PHARSALIA.
555 234 643 285 lilB.
674 235 707 284 Χ.
784 235 834 286 239

97 351 138 402 Ne
150 350 249 402 caedes
261 352 374 403 confirsa
385 369 476 416 uranu,
486 353 672 420 permissaque
684 352 748 405 fatis

97 424 153 483 Te,
165 418 332 482 Ptolemaeo,
344 417 449 471 trahat:
469 428 546 471 tanta
557 428 599 472 est
610 421 710 472 fiducia
720 421 793 472 ferri,

98 489 158 540 Non
169 503 287 555 rapuere
297 487 387 539 nefas:
403 491 500 540 summi
511 495 651 541 contemta
660 489 777 541 facultas

99 560 148 609 Est
164 557 269 624 operis:
285 558 371 606 visum
382 554 490 608 ianrulis
501 558 653 624 reparabile
664 558 800 619 damnum,

98 628 173 677 lllam
185 623 324 676 mactandi
335 624 472 676 dimittere
485 626 609 677 Caesaris
618 624 723 677 horam.
840 627 890 678 430

97 695 229 746 Servatur
241 709 344 759 poenas
354 694 380 744 in
393 698 489 812 aperta
498 694 559 745 luce
571 693 692 745 daturus.

98 765 210 813 Donata
220 768 263 812 est
273 776 327 812 nox
337 778 392 813 una
422 763 474 825 uei,
485 762 606 830 risitque
617 760 728 814 Pothini

97 835 212 883 Munere
224 828 369 882 Phoebeos
382 832 483 882 Caesar
494 830 593 882 dilatus
602 833 630 882 in
642 838 727 883 ortus.

148 899 288 951 Lucifera
300 900 380 952 Casia
389 900 530 968 prospexit
541 915 616 967 rupe,
628 901 753 971 diemque

96 969 173 1021 Misit
182 969 209 1020 in
220 969 258 1018 Ae
277 973 374 1035 yptum
385 968 473 1036 primo
486 984 593 1037 quoque
604 970 662 1021 sole
673 971 821 1022 calentem:
840 971 891 1021 435

96 1041 162 1089 Cum
175 984 300 1105 procula
309 1037 393 1088 muris
403 1039 485 1099 acies,
497 1053 550 1088 non
562 1054 658 1106 sparsa
668 1039 793 1158 maniplis

95 1107 153 1158 Nee
164 1120 199 1157 va
219 1121 244 1168 a,
251 1105 426 1172 conspicitur,
437 1105 485 1157 sed
495 1107 582 1158 iustos
593 1108 679 1175 qualis
691 1107 725 1160 ad
758 1114 831 1159 ostes

96 1177 182 1228 Recta
203 1179 282 1226 ronte
293 1175 374 1225 venit.
404 1174 514 1225 Passuri
527 1177 677 1227 comminus
689 1191 774 1237 arma,

96 1243 246 1311 Laturique
257 1248 347 1294 ruunt.
368 1243 402 1292 at
412 1244 523 1304 Caesar,
535 1244 677 1293 moenibus
688 1243 761 1294 urbis

95 1313 217 1375 Diffusus,
228 1310 333 1362 foribus
346 1310 455 1361 clausae
466 1325 495 1362 se
506 1313 627 1379 protegit
638 1313 725 1375 aulae,
840 1314 891 1363 440

96 1384 253 1450 Degeneres
264 1395 361 1447 passus
371 1378 500 1429 latebras.
529 1378 555 1430 N
556 1394 588 1430 ee
598 1386 659 1430 tota
669 1379 785 1431 vacabat

95 1451 180 1518 Regia
191 1463 362 1517 compresso:
381 1447 492 1498 minima
503 1447 652 1515 collegerat
662 1463 738 1499 arma

95 1518 294 1570 Partedomus:
313 1522 428 1584 tangunt
441 1517 545 1567 animos
555 1518 667 1585 iraeque
676 1523 831 1588 metusque:

96 1590 132 1639 Et
143 1587 364 1647 timetincursus,
375 1585 583 1653 indignaturque
594 1586 699 1638 timere.

95 1656 141 1707 Sic
152 1655 244 1707 fremit
253 1657 280 1706 in
291 1655 381 1720 parvis
393 1653 453 1704 iera
463 1653 560 1704 nobilis
571 1655 664 1706 abdita
676 1654 810 1717 claustris,
841 1659 891 1707 445

95 1727 132 1776 Et
143 1724 245 1790 frangit
256 1723 366 1775 rabidos
378 1738 537 1789 praemorso
549 1739 660 1776 carcere
670 1724 778 1777 dentes:

95 1794 154 1849 Nec
165 1808 244 1844 secus
253 1795 280 1843 in
292 1791 390 1843 Siculis
400 1791 504 1842 firreret
515 1799 563 1843 tna
575 1792 684 1845 flamma
694 1795 825 1857 cauernis,

95 1862 258 1915 Obstrueret
269 1876 400 1912 summam
407 1862 430 1912 si
437 1863 496 1930 quis
505 1862 562 1926 tibi,
568 1863 710 1927 Mulciber,
715 1864 838 1916 Aetnam.

95 1930 191 1982 Audax
202 1927 353 1981 Thessalici
364 1945 450 1997 nuper
461 1931 507 1998 qui
516 1946 583 1997 rupe
593 1932 642 1984 sub
653 1933 738 1995 Aemi,

95 2000 247 2064 Hesperiae
254 2004 366 2049 cunctos
378 2013 516 2064 proceres,
528 2002 667 2069 aciemque
678 2009 797 2064 senatus,
840 2004 890 2053 450

95 2067 311 2133 Pompeiumque
322 2066 428 2130 ducem,
440 2083 538 2119 caussa
548 2075 673 2136 spectare
684 2076 803 2132 rotante,

96 2135 158 2187 Non
169 2135 267 2197 timuit,
279 2133 418 2251 latumque
430 2135 481 2186 sibi
492 2139 616 2203 promisit
625 2138 754 2205 iniquum,

95 2204 215 2268 Expavit
225 2202 321 2253 seruile
332 2217 366 2253 ne
380 2217 418 2265 as,
430 2203 502 2256 intra
521 2221 555 2257 ue
566 2213 679 2273 penates

97 2273 230 2324 Obruitur
241 2270 317 2332 telis,
337 2286 416 2340 quem
426 2287 480 2324 non
492 2274 621 2326 violasset
629 2275 737 2336 Alanus,

96 2341 157 2394 Non
169 2338 283 2406 Scytha,
293 2355 348 2390 non
360 2340 415 2392 lixo
427 2342 472 2408 qui
481 2342 549 2393 ludit
559 2341 701 2409 inhospite
707 2343 829 2394 Maurus.
839 2344 890 2393 455

97 2412 160 2473 Hic,
173 2411 216 2461 cui
227 2409 341 2460 Romani
353 2409 470 2477 spatium
482 2427 535 2462 non
547 2413 648 2463 sufficit
658 2411 740 2474 orbis,

95 2482 239 2549 Parvaque
249 2493 334 2547 regna
344 2484 423 2546 putat
434 2480 527 2547 Tyriis
539 2496 599 2531 cum
608 2480 729 2532 Gadibus
740 2479 831 2543 ludos,

97 2553 153 2601 ceu
164 2547 366 2616 puerimbellis,
379 2564 430 2600 ceu
441 2550 528 2616 captis
540 2549 642 2600 femina
652 2550 745 2612 muris,

98 2621 184 2678 Quae}
189 2620 211 2670 it
221 2624 283 2670 tuta
294 2617 404 2669 domus:
421 2634 497 2685 spem
507 2619 581 2668 iitue
590 2619 617 2668 in
626 2617 718 2669 limine
729 2617 820 2670 clauso

96 2687 187 2748 Ponit,
199 2695 226 2738 et
235 2690 341 2739 incerto
352 2687 451 2738 lustrat
462 2703 547 2755 rugus
558 2687 629 2737 atria
640 2701 734 2751 cursu3
839 2688 891 2740 ato

95 2754 293 2824 Nonsinerege
305 2762 410 2821 tumen3
427 2770 506 2823 quem
514 2755 621 2807 ducitin
629 2758 719 2807 omnia
729 2772 830 2817 secum,
