1980 3074
226 163 275 213 132
398 161 435 211 Μ.
471 158 571 211 ᾹΝΝ.
607 158 786 212 Lucridi

229 277 392 331 Extrahitur
403 285 509 345 partus,
521 277 616 328 calidis
628 278 774 344 ponendus
783 280 812 330 in
825 282 892 344 aris,

163 349 212 399 5611
223 350 261 400 Et
269 349 376 417 quoties
387 347 475 398 saeris
486 360 555 413 opus
566 352 608 396 cst
617 359 650 396 ac
660 345 777 398 fortibus
786 349 901 413 umbris,

224 421 285 484 ipsa
293 415 361 467 facit
370 430 476 466 nranes:
488 413 799 466 hominummorsomnis
808 417 836 466 in
844 434 897 469 usu
906 426 964 473 est.

226 487 273 537 {lla
281 500 368 554 genae
379 483 476 534 florem
488 484 628 550 primaevo
639 497 755 549 corpore
766 484 857 545 vulsit,

226 556 273 607 illa
284 568 390 605 comam
402 553 481 603 laeva
491 551 619 602 morienti
629 550 746 602 abscidit
756 549 871 619 ephebo.

224 623 312 691 Saepe
323 624 405 674 etiam
418 622 488 672 caris
499 625 617 687 cognato
628 621 656 669 in
668 618 765 672 funere
775 621 836 672 dira

163 694 212 756 5115
224 691 364 743 Thessalis
373 690 495 742 incubuit
504 686 644 739 membris:
664 694 745 756 atque
756 690 851 742 oscula
861 692 964 760 dgens,

223 761 425 828 Truncavitque
436 765 527 824 caput,
540 771 751 824 compressaque
762 758 889 811 dentibus
909 777 964 816 cra

223 829 353 880 Laxavitz
364 829 492 894 siccoque
504 824 662 876 haerentem
674 831 785 893 gutture
794 827 918 896 linguans

223 896 431 958 Praemordens‚
441 895 537 962 gelidis
547 893 647 945 infudit
656 909 795 947 murmura
805 896 900 957 labris,

222 969 411 1032 Arcanumque
422 963 499 1014 nefas
512 961 623 1030 Stygias
635 963 774 1014 mandarit
783 965 818 1015 ad
828 966 953 1021 umbras.

162 1039 212 1086 511)
223 1036 303 1086 Hanc
313 1041 343 1084 ut
354 1033 489 1084 famaloci
501 1032 632 1097 Pompeio
642 1032 777 1098 prodiditr
797 1033 855 1085 alta

222 1103 310 1154 Nocte
321 1102 386 1169 poli,
398 1101 480 1152 Titan
491 1100 608 1150 medium
621 1115 674 1167 quo
682 1105 807 1167 tempore
816 1102 895 1156 ducit

224 1171 278 1224 Sub
289 1177 384 1222 nostra
396 1170 492 1220 tellure
504 1169 588 1220 diem:
607 1169 717 1218 deserta
726 1184 776 1235 per
785 1185 853 1222 arra

224 1241 316 1308 Carpit
326 1241 387 1292 iter.
415 1239 475 1290 Fidi
486 1236 620 1289 scelerum
631 1272 639 1298 ‚
650 1239 775 1305 suetique
790 1240 909 1292 ministri

225 1309 362 1361 Effractos
374 1310 476 1359 circum
486 1305 604 1357 tumulos
616 1320 649 1356 ac
660 1305 742 1356 busta
751 1309 845 1375 vagati

167 1380 216 1429 515
231 1381 403 1445 Conspexere
415 1375 510 1445 procul
520 1380 668 1493 praerupta
676 1375 704 1424 in
715 1382 795 1426 caute
806 1376 961 1443 sedentem,

225 1444 520 1515 QuaiugadevexnsP
542 1442 657 1493 arsalica
665 1444 781 1510 porrigit
791 1445 900 1498 Aemus.

224 1518 272 1566 iiia
281 1517 367 1582 magis
378 1515 544 1581 magicisque
555 1511 613 1562 deis
621 1511 761 1578 incognita
769 1512 855 1564 rerba

226 1584 372 1644 'l'cntabat¹
386 1595 548 1647 carmenque
559 1595 645 1630 noros
656 1579 812 1646 fingebatin
822 1597 899 1635 usus.

226 1653 347 1718 Namque
359 1653 465 1711 timens,
482 1664 516 1698 ue
527 1650 603 1698 Mars
619 1648 700 1766 alipio
715 1664 800 1717 vagus
809 1651 865 1701 iret
874 1652 905 1702 in
915 1667 960 1704 or·

674 1731 726 1778 em,

167 1791 215 1839 50⁰
227 1785 351 1839 Emathis
361 1793 389 1837 et
401 1785 480 1836 tcilus
492 1791 548 1835 tum
560 1784 646 1835 multa
656 1786 741 1836 caede
752 1789 876 1850 careret3

225 1856 348 1906 Pollutos
359 1861 449 1915 cantu,
461 1853 579 1920 dirisque
588 1854 705 1904 venifica
713 1854 802 1905 succis

227 1927 402 1989 Conspersos,
422 1922 510 1973 vetuit
520 1922 704 1973 transmittere
717 1922 790 1973 bella
798 1919 954 1990 Philippos,

226 1995 283 2042 'l'ot
293 1996 395 2042 mortes
405 1989 531 2040 habitura
540 2005 612 2051 suas,
623 2005 759 2058 usuraque
768 1990 862 2041 mundi

228 2060 378 2128 Sanguine:
396 2072 538 2110 caesorum
548 2064 676 2110 truncare
688 2059 824 2111 cadavera
832 2073 933 2128 regum

170 2131 219 2179 555
232 2128 339 2197 Sperat,
350 2134 378 2178 et
389 2127 541 2194 Hesperiae
552 2127 660 2178 cineres
670 2133 794 2179 avertere
804 2129 905 2195 gentis,

229 2198 352 2263 Ossaque
363 2196 501 2257 nobilium,
512 2200 658 2261 tantosque
670 2195 813 2263 adquirere
823 2211 930 2248 manes.

227 2267 281 2316 Hic
290 2265 381 2327 ardor,
392 2263 519 2331 solusque
528 2262 615 2324 labor,
627 2264 690 2330 quid
700 2278 815 2330 corpure
825 2264 925 2333 Magni

227 2334 355 2385 Proiecto
367 2333 466 2400 rapiat,
477 2346 546 2400 quos
558 2332 792 2384 Caesarisinrolet
802 2337 888 2384 artus.

229 2403 316 2463 Quam
325 2402 401 2467 prior
410 2399 519 2452 adfatur
528 2400 653 2466 Pompeii
662 2402 762 2468 ignava
771 2414 914 2469 propagos

169 2471 219 2521 5111
232 2469 258 2523 Ο
270 2471 348 2520 decus
354 2468 561 2532 Haemonidum,
570 2469 677 2536 populis
683 2469 961 2541 quaepaadmfata‚

232 2536 358 2605 Quaeque
367 2553 415 2589 auo
424 2547 538 2591 ventura
546 2545 623 2604 potet
633 2537 767 2590 divertere
776 2552 869 2600 carta,

232 2605 270 2658 re
275 2621 382 2674 precor,
392 2615 424 2659 et
434 2616 537 2658 certum
547 2605 629 2659 liceat
638 2604 704 2659 miti
714 2604 926 2675 nowercflsm,

230 2675 314 2739 Quen
325 2674 388 2727 beili
395 2673 521 2729 Fortuna
529 2682 618 2743 paret.
646 2673 709 2728 Non
719 2675 815 2727 citima
826 2674 927 2728 tastu
