1980 3074
222 189 508 243 rnnasama.
544 191 634 242 ΜΒ.
656 192 726 244 Vll.
787 191 838 243 tot

105 313 198 361 Mente
210 310 323 376 agitant,
335 309 486 376 capuloque
497 323 593 360 manua
604 309 716 361 absente
728 322 837 360 moven-

102 445 268 513 iogemuisse
279 452 358 512 putes
368 460 489 511 campos,
500 450 655 512 terramque
666 452 810 499 nocentem

101 515 252 581 Inspirasse
262 514 374 575 animas,
384 512 515 563 iniectum
535 528 570 564 ue
581 528 647 566 aera
656 519 745 564 totum
770 560 772 563 ,
818 544 821 556 4-

100 583 404 648 Manibusetsuperam
414 579 514 648 Stygia
596 581 795 633 ’dioenoctem
842 585 895 633 110

100 650 195 718 Exigit
206 666 223 700 a
230 650 336 701 miseris
346 650 439 700 tristes
450 650 566 701 riotoria
575 665 686 715 poenas,
779 678 783 695 .

100 715 489 784 Sibilaqueetflammasiniert
498 733 596 784 sopor:
615 719 712 770 umbra
721 716 834 784 peremti

101 787 173 837 Giris
184 786 276 838 adest:
295 801 346 837 sua
356 801 490 854 quemque
500 788 599 853 premit
608 787 721 838 terroris
730 788 830 852 imago.

100 854 149 905 llle
159 869 253 905 senum
264 854 363 916 vuitus,
374 855 500 905 iuvenum
511 854 585 906 ridet
595 855 640 905 illa
651 856 766 923 figuras:

99 923 181 972 Hunc
193 923 297 990 agitant
306 921 505 974 totisiraterna
515 923 651 974 cadavera
661 924 776 974 somniat
843 925 893 974 115

100 988 459 1058 Pectoreinhoepaterestt
476 993 833 1044 omnesincacsaremanes.

101 1059 128 1108 Η
130 1058 182 1110 and
193 1059 270 1120 alios,
281 1059 399 1110 nondum
411 1057 543 1126 Scythico
554 1066 686 1128 purgatus
695 1061 722 1110 in
733 1075 790 1120 ara,

100 1127 279 1178 Eumenidum
291 1127 359 1178 vidit
366 1127 455 1178 miltun
466 1128 612 1193 Pelopeius
624 1130 749 1179 Orestes:

99 1193 157 1245 Nec
168 1196 256 1261 magia
266 1195 404 1246 adtonitos
416 1195 498 1245 aoinri
508 1211 618 1247 sensere
629 1195 768 1256 tumuitus,

101 1264 167 1313 Cum
178 1260 445 1324 iurenot‚Pentitous,
457 1268 513 1324 aut,
526 1278 587 1312 eum
594 1262 717 1323 desisset,
724 1264 824 1329 Agave
843 1264 893 1313 tet

102 1331 181 1379 Hunc
193 1343 287 1379 omnes
297 1329 389 1396 gladii,
400 1345 468 1395 quos
480 1335 528 1380 aut
537 1327 679 1380 Pharsalia
690 1329 765 1391 odit,

99 1399 152 1447 Aut
162 1396 245 1446 ultrix
255 1397 347 1446 visura
357 1397 424 1458 dios,
434 1397 585 1463 stringente
595 1402 702 1459 senatu,
804 1414 805 1419 ¹

100 1465 149 1516 iiia
156 1471 238 1515 nocte
245 1471 383 1530 premuniti
394 1463 838 1533 huncinieromonstraflagellant.

101 1534 163 1584 Heu
173 1538 303 1601 quantum
313 1546 418 1599 poenae
430 1532 729 1584 miseromeosconscia
739 1533 832 1597 donat,

99 1601 178 1663 tluod
195 1599 297 1668 Styga,
319 1600 391 1667 quod
408 1615 516 1661 manea,
536 1601 696 1670 ingestaque
713 1603 831 1659 Tartara

570 1671 681 1733 anomia,
840 1673 890 1724 tat

98 1738 229 1805 Pompeio
240 1738 356 1800 rivento,
368 1736 455 1806 ridet!
475 1739 579 1790 'famen
591 1740 682 1790 omnia
690 1754 771 1807 passo

96 1808 246 1874 Postquam
259 1807 334 1858 ciera
344 1806 403 1857 dies
413 1803 573 1857 Pharsalica
582 1805 681 1858 tamna
691 1810 799 1871 retexit,

97 1875 176 1926 Nulla
184 1876 238 1925 ioci
248 1874 334 1928 facies
344 1880 459 1927 revocat
468 1873 599 1926 feralibus
610 1877 681 1927 arvis

99 1945 251 1994 Haerentes
262 1944 366 1995 oculos.
394 1943 487 1995 Cernit
516 1944 734 2013 ropuisacruore

97 2012 231 2073 Flumina,
242 2017 270 2062 et
280 2011 404 2062 excelsos
416 2026 478 2063 cum
508 2013 514 2026 '
541 2015 687 2080 aequantia
697 2013 780 2065 colles
814 2041 815 2044 =
839 2017 890 2067 tto

98 2080 230 2145 corpora,
240 2079 385 2145 depressos
396 2080 423 2130 in
433 2079 524 2131 tabem
536 2087 644 2147 spectat
654 2097 776 2146 acervos,

99 2148 136 2197 Et
145 2146 239 2212 Magni
249 2152 374 2198 numeret
383 2147 514 2213 populos:
533 2149 794 2217 epulisqueparatur

99 2213 242 2275 illelmus,
254 2214 344 2265 vuitus
355 2229 389 2266 ox
399 2229 453 2281 quo
463 2215 602 2284 faciesque
610 2219 748 2270 iacentum

98 2285 244 2351 Agnoscat
270 2283 350 2333 iuvat
358 2281 512 2334 Emathiam
522 2300 575 2336 oon
587 2300 699 2338 cernere
710 2294 811 2340 terram

99 2352 135 2402 Et
143 2350 260 2402 lustrare
272 2350 358 2402 oculis
370 2351 540 2418 compossuit
551 2353 628 2405 clade
639 2355 775 2409 lucentes:
839 2357 889 2406 195

97 2422 246 2472 Fortunam
257 2435 425 2488 asperosque
436 2435 501 2472 suos
512 2421 539 2473 in
551 2424 680 2491 sanguine
692 2428 786 2477 cernit.

95 2491 133 2540 Ao
144 2504 177 2540 ne
189 2489 263 2541 laeta
274 2488 367 2540 tureos
377 2489 509 2540 scelerum
519 2493 677 2556 spectacula
686 2495 792 2560 perdat.

94 2558 201 2609 invidet
211 2560 274 2627 igno
284 2559 345 2626 rogi
355 2559 469 2620 miseris,
482 2559 614 2626 coeloque
625 2563 736 2613 nocenti

97 2627 198 2692 ingerit
206 2626 370 2679 Emathiam.
402 2626 463 2679 Non
473 2627 547 2679 ilium
557 2628 666 2678 Poenus
677 2626 805 2680 humator

96 2694 229 2748 Consulis.
241 2702 269 2746 et
280 2695 389 2761 Libyca
399 2710 548 2746 succensae
558 2695 683 2760 lampade
695 2699 803 2750 Cannae
839 2700 888 2749 8⁰0
