1980 3074
150 223 183 272 28
321 220 359 269 M.
394 216 495 269 ANN.
532 219 709 270 Lucan't

150 339 285 404 Paipitat,
297 347 321 388 et
334 346 407 387 muto
420 353 531 388 oacnuon
537 337 609 406 ferit
622 346 688 387 oe'ru
700 346 781 387 rnatu.

150 407 203 458 Hic
215 422 303 466 auree,
315 406 385 456 aliur
396 404 546 471 spiramina
558 403 632 455 narie
643 407 764 456 aduncae

152 475 282 539 Amputat
290 493 299 524 .·
308 473 354 524 itte
366 474 439 524 caric
450 472 545 523 erotoit
557 472 660 524 reditur
672 474 755 535 orbec,

91 544 140 594 185
154 542 307 607 Ultimaque
319 539 433 608 effundit
446 540 573 607 spectatio
583 541 685 593 Iumina
697 541 818 593 membris

155 610 207 662 Vix
218 611 272 662 erit
283 610 417 679 ultafider
429 620 484 660 tarn
496 608 568 658 caeni
578 610 708 672 criminis,
719 626 800 662 unum

153 680 204 732 tta
214 694 314 746 poenae
323 679 423 744 capiere
435 687 526 743 caput.
563 675 608 728 Sic
619 681 684 729 mode
694 678 791 729 rainae

151 749 255 799 Fracta
266 747 313 798 cub
322 746 429 813 ingenti
438 746 583 797 mieeentur
590 747 707 811 pondere
718 748 851 798 membra.-

152 815 206 867 Nec
216 816 303 882 magio
314 815 443 885 informer
453 813 563 865 ueniunt
575 815 611 863 ad
622 813 704 866 litora
717 816 816 875 trunci,

91 884 141 937 190
154 884 208 948 Qui
218 885 302 935 medio
312 883 416 948 periere
421 883 508 950 freto.
544 881 616 944 Quid
621 885 733 947 perdere
738 884 866 953 setectum
892 903 896 912 ·

154 953 236 1016 lucit,
248 961 283 1012 et,
294 961 324 1002 ut
334 951 421 1011 citent,
433 949 521 1000 Marii
530 950 692 1020 confundere
702 952 823 1003 auitum?

155 1021 191 1072 Ut
201 1023 285 1073 ecelue
296 1019 345 1071 icoc
358 1018 449 1070 Sullae
460 1019 601 1082 caedesque
612 1028 719 1071 ortenea
726 1023 858 1086 placeret,

153 1089 340 1157 Agnoscendus
350 1097 418 1138 erat·
460 1085 533 1137 Vidit
543 1085 666 1138 Fortuna
678 1091 782 1140 colonae

154 1157 332 1209 Praenestina
344 1171 405 1207 tuoe
416 1165 526 1207 cunctor
536 1154 616 1206 rimu!
625 1172 684 1207 enee
695 1157 801 1217 recieoe,

93 1226 143 1278 195
157 1226 241 1277 Unius
248 1227 378 1291 poputum
387 1234 543 1290 pereuntem
555 1232 671 1290 tempore
682 1227 785 1277 mortio.

156 1294 231 1348 Tunc
235 1292 290 1361 flor
303 1292 459 1359 Hesperiae,
470 1292 552 1343 Latii
562 1291 615 1342 iam
627 1296 682 1344 eota
693 1295 825 1352 iurentur,

155 1362 288 1425 Concidit,
298 1371 324 1412 et
335 1361 448 1413 miserae
459 1361 605 1412 maculauit
617 1362 697 1412 oridia
709 1361 818 1413 Romae.

156 1431 206 1484 Tot
218 1431 299 1483 rimu!
308 1430 409 1500 inserto
420 1414 526 1482 iuvenca
538 1430 689 1481 occumbere
698 1433 758 1490 teto,

154 1501 239 1567 Saepe
245 1501 347 1570 fumeo,
359 1498 502 1566 pelagique
511 1499 606 1568 furor,
618 1498 772 1564 subitaeque
782 1498 888 1558 ruinae,

95 1570 144 1619 200
158 1568 213 1619 Aut
225 1568 292 1619 coeli
302 1577 443 1634 terraeque
456 1570 520 1626 tuen,
532 1576 580 1617 aut
593 1568 687 1618 bellica
697 1568 793 1626 cloden,

156 1637 303 1702 Numquam
312 1651 398 1700 poena
404 1635 475 1706 fuit.
504 1633 591 1687 Densi
601 1635 647 1686 uix
659 1636 768 1704 agmina
780 1635 854 1701 vulgi

155 1704 267 1756 lateret
278 1718 437 1772 exsangues,
447 1703 566 1754 immina
578 1712 671 1765 morte,
683 1713 806 1754 catervae

159 1771 278 1823 Victoree
289 1787 392 1823 morere
404 1787 504 1823 rnaaue.
545 1769 598 1824 Vix
609 1773 688 1823 caede
696 1781 810 1838 peracta

154 1839 345 1900 Procumbunt,
355 1841 488 1906 dubioque
499 1840 592 1890 tabant
602 1840 718 1891 cervice:
739 1841 785 1890 ced
794 1840 853 1890 iiior

69 1917 76 1930 ·
94 1910 144 1960 tot
155 1907 258 1977 Magna
276 1908 378 1974 premit
399 1919 522 1976 stragee:
547 1918 735 1976 peraguntque
754 1910 889 1959 cadauera

561 1987 668 2043 partem

156 2044 266 2096 Caedit:
277 2045 338 2095 oiva
345 2061 444 2113 gravet
454 2045 557 2096 elidunt
569 2061 683 2111 corpora
695 2044 793 2096 trunci.

156 2112 308 2179 intrepidae
319 2113 392 2164 tanti
402 2113 469 2164 redit
481 2129 590 2164 recurat
602 2115 635 2165 ai
646 2115 702 2165 alto

154 2183 298 2247 Spectator
309 2182 431 2233 eceterie:
442 2180 535 2233 mireri
544 2192 585 2233 tot
598 2181 684 2234 millia
694 2183 769 2251 uulgi

155 2251 213 2302 Non
221 2250 314 2318 piguit
324 2251 431 2301 iureieee
442 2250 519 2302 mori.
557 2250 691 2319 Congeeta
701 2250 802 2318 recepit

95 2316 256 2387 2100mnia
270 2317 425 2387 Tyrrhenae
436 2320 549 2372 Sullana
560 2320 691 2371 cadauera
699 2335 811 2386 gurges.

156 2386 308 2454 instuoium
317 2387 403 2453 primi
412 2387 536 2449 cecidere,
547 2388 575 2438 in
586 2404 699 2454 corpora
711 2386 814 2438 cummi.

153 2454 322 2519 Praecipitat
333 2455 441 2506 leaeeere
453 2465 535 2516 ratee,
546 2465 571 2506 et
583 2466 676 2523 etrage
689 2464 800 2506 cruenta

154 2522 330 2588 Interruptus
340 2521 509 2589 aquiefluxit
520 2523 598 2589 prior
608 2523 694 2575 omnic
704 2523 731 2574 in
744 2538 854 2587 aequor.

153 2590 198 2642 Aa
273 2606 297 2640 m
308 2592 384 2643 etetit
395 2593 467 2643 unda
479 2607 587 2656 nequent
593 2608 604 2650 ,·
614 2593 675 2642 dum
686 2589 828 2659 tarquinio
838 2590 891 2641 atet

94 2659 145 2710 att
161 2657 207 2709 Vir
216 2659 267 2710 eiii
294 2660 347 2713 ecit
359 2660 422 2720 iter,
436 2675 610 2726 campumque
621 2658 709 2727 efficta
717 2675 888 2725 peromnem,

153 2726 358 2795 Praecipitique
369 2745 448 2780 ruent
462 2727 595 2794 Tqierina
607 2727 763 2793 adflurnina
774 2729 832 2778 rivo
