1980 3074
162 96 212 145 25⁰
285 95 454 147 CARMEN
490 96 541 145 AD
579 93 776 145 PISONEM.

162 214 309 264 Possumus
321 222 448 265 aeternae
459 229 557 265 nomen
568 214 737 263 committere
748 211 856 265 faniaen

161 280 189 331 Si
200 289 291 332 tamen
304 281 356 333 hoo
367 283 412 332 uili
425 283 459 334 de
470 298 499 333 se
510 283 670 349 promittere
681 279 723 331 fas
735 288 787 343 est,

160 351 195 400 Et
207 351 273 401 deus
282 351 355 402 ultor
367 352 451 403 abest.
487 350 618 418 Superest
629 351 750 400 animosa
760 349 900 413 voluntas,

98 420 148 467 24⁰
155 419 271 487 ipsaque
282 422 374 471 neseio
388 421 451 489 quid
462 435 537 470 ruens
547 419 723 470 excellentius
734 418 827 469 audet.

159 490 201 538 Tu
212 490 288 540 nanti
299 490 431 557 protende
442 504 563 539 manum:
583 494 622 549 tu,
633 488 706 549 Piso,
716 486 850 539 latentem

159 558 270 609 Exsere.
290 557 348 609 Nos
359 557 466 609 humilis
477 557 574 607 domus
585 564 613 607 et
623 557 729 606 sincera
742 563 900 620 parentum,

159 624 212 676 Sed
224 628 329 690 tenuia,
340 628 462 678 Fortuna
472 642 523 677 sua
533 624 648 693 caligine
659 624 739 675 celat.

157 694 305 746 Possumus
316 696 449 763 impositis
461 700 545 762 caput
554 708 704 745 exonerare
714 692 836 744 tenebris

99 763 147 810 245
160 763 197 813 Et
207 764 296 815 lucem
306 771 433 831 spectare
444 778 552 825 novam,
563 764 587 814 ai
598 762 661 829 quid
670 761 753 812 modo
764 762 857 813 laetus

158 831 266 893 Adnuit,
277 838 306 882 et
316 834 416 884 nostrie
425 832 583 895 subscribis,
596 831 720 893 candide,
730 831 813 881 votis.

157 899 208 949 Est
219 898 293 962 mihi,
306 900 397 963 crede,
408 903 475 952 meio
487 902 592 952 animus
603 900 775 951 constantim
786 903 880 965 annis3

158 969 288 1028 Quamvis
298 985 369 1021 nune
378 970 495 1022 iuvenile
507 970 591 1021 decus
600 967 665 1019 mihi
678 970 790 1036 pingere
799 968 889 1019 malas

157 1038 293 1103 Coeperit,
305 1043 333 1091 et
344 1039 463 1090 nondum
474 1039 604 1090 vicesima
614 1038 720 1087 venerit
729 1044 831 1088 aestas.

97 1108 147 1154 250
160 1106 240 1167 Quod
251 1108 273 1158 ai
284 1113 340 1159 tam
351 1108 456 1159 validae
468 1105 535 1158 mihi
544 1108 628 1158 robur
639 1107 738 1157 mentio
747 1107 862 1168 inesset,

157 1176 194 1226 Et
204 1175 305 1227 solidus
314 1179 416 1244 primos
427 1177 554 1243 impleret
563 1177 673 1242 spiritus
684 1189 780 1238 annon,

157 1244 291 1295 Auderem
302 1261 384 1298 voees
395 1262 444 1313 per
455 1247 575 1297 earmina
589 1250 683 1296 nostra
693 1243 809 1307 referre,

158 1313 230 1375 Piso,
242 1321 313 1367 tuae.
342 1313 396 1366 Sed
407 1314 482 1366 fessa
490 1314 566 1365 labat
576 1312 642 1364 mihi
652 1312 775 1380 pondere
792 1315 895 1376 cervix,

155 1382 193 1433 Et
201 1383 365 1436 tremefacta
375 1384 477 1435 eadunt
487 1385 594 1434 succiso
605 1382 707 1450 poplite
718 1381 850 1432 membra.

95 1449 145 1497 255
158 1449 203 1501 Sic
215 1468 265 1504 neo
277 1453 397 1505 olorinos
410 1453 493 1505 audet
502 1452 650 1503 Pandionis
662 1450 718 1501 adea

154 1518 246 1571 Parve
256 1523 360 1574 referre
372 1538 464 1585 sonos,
475 1537 535 1583 nec,
547 1520 642 1572 sinelit
651 1518 787 1586 improba,
798 1520 894 1585 possit.

156 1586 202 1638 Sic
212 1596 241 1640 et
252 1592 375 1643 Aedonia
385 1596 548 1658 superantur
559 1605 627 1642 voce
639 1587 761 1650 cicadae,

157 1654 277 1710 Stridula
289 1675 349 1710 eum
360 1659 456 1711 rapido
469 1659 575 1710 faciunt
585 1657 708 1710 convicia
718 1654 786 1707 Soli.

158 1725 249 1786 Quare
260 1743 320 1794 age,
332 1722 462 1794 Calliope,
474 1729 566 1795 posita
575 1728 710 1796 gravitate
720 1724 834 1787 forensi,

98 1792 148 1841 260
159 1792 268 1846 Limina
278 1797 386 1847 Pisonis
398 1811 503 1847 mecum
515 1803 592 1863 pete:
611 1795 690 1863 plura
699 1800 856 1860 supernum,

160 1862 237 1922 Quae
249 1863 362 1914 laudare
374 1865 450 1928 velis,
461 1866 572 1916 inventa
582 1862 725 1932 penatibus
735 1861 811 1928 ipsis.

390 2115 595 2124 ...u-n·—
