1980 3074
243 210 530 263 Prinassum.
565 213 654 265 LIB.
679 215 700 265 1.
824 213 839 262 9

101 333 180 396 Quae
192 344 246 399 pax
256 329 339 400 longa
348 331 445 382 dabat:
456 331 529 382 nuda
537 333 592 383 iam
603 338 679 385 crate
688 332 805 384 fluentes

101 401 237 454 invadunt
249 400 371 466 clypeos,
382 407 548 468 curvataque
559 401 671 467 cuspide
682 401 745 468 pila,

102 471 138 522 Et
149 468 262 521 scabros
272 470 366 536 nigrae
377 483 470 520 morsu
479 469 610 537 rubiginis
621 483 707 521 eneas.

101 541 137 592 Ut
147 543 231 590 notae
241 535 343 588 fulsere
352 537 467 605 aquilae,
478 538 654 605 Romanaque
665 541 751 606 signa,

99 609 138 660 Et
149 607 238 658 celsus
250 604 341 657 medio
354 611 517 672 conspectus
527 608 555 656 in
566 608 673 674 agmine
684 607 793 667 Caesar,
823 620 825 624 ⁸
848 608 897 657 245

101 676 246 743 Diriguere
258 680 342 735 metu,
353 674 459 742 geiirlus
469 689 556 741 pavor
568 681 686 742 occupat
696 681 781 736 artus,

99 746 138 796 Et
146 745 233 796 tacito
244 750 335 796 mutos
347 743 460 794 volvunt
468 746 496 795 in
509 749 621 810 pectore
650 750 757 798 aestus:

100 811 126 865 0
136 815 206 864 mole
216 810 311 865 vicinis
320 812 388 866 baec
398 811 502 864 moenia
512 812 620 864 condito
632 760 728 874 zolio,

100 879 126 933 0
136 880 214 933 tristi
224 881 352 934 damnata
362 881 437 933 ioco!
442 897 503 948 pax
515 884 573 933 sito
581 881 632 949 p'cr
642 897 729 935 omues

97 947 139 1002 Et
149 950 299 1018 tranquille
310 950 384 1016 quiec
392 953 516 1019 populos:
527 965 574 1002 not
581 952 685 1017 proedo
696 951 834 1019 florentum
847 953 895 1002 25⁰

98 1019 248 1086 Primaque
253 1029 449 1072 castraserras.
460 1018 570 1083 Melius,
580 1019 715 1082 Fortuna,
726 1021 838 1073 dedisses

99 1086 172 1140 Orbe
183 1088 230 1140 osb
238 1088 291 1141 Eoo
301 1090 386 1141 sedem
394 1089 540 1158 gelidoque
549 1088 597 1141 trab
607 1088 699 1151 Arcto,
808 1093 811 1097 ’

97 1155 285 1223 Erroatceqoe
297 1159 393 1220 domoc,
403 1158 483 1209 Latii
492 1173 572 1225 quom
583 1161 703 1211 claustro
715 1160 796 1210 tueri.

97 1226 152 1278 Nos
161 1226 246 1292 primi
258 1227 492 1288 connumeretur,
506 1226 694 1294 Cimbrumque
693 1228 835 1299 florentem

99 1294 231 1358 Victima,
242 1305 270 1347 et
282 1295 400 1347 Mortem
410 1295 515 1364 Libyes,
525 1311 683 1362 cursumque
689 1294 799 1366 suroris
845 1295 895 1342 255

99 1363 252 1417 Teutonici.
289 1363 400 1426 Quoties
410 1363 524 1415 Romam
534 1363 657 1415 Fortuna
668 1362 784 1423 lacessit,

96 1433 159 1486 Hac
169 1434 224 1485 iter
234 1440 274 1483 est
285 1431 366 1483 bellis.
403 1430 514 1481 Gemitu
524 1433 564 1480 sic
575 1433 688 1498 quisque
696 1431 801 1492 latenti,

95 1501 122 1554 N
124 1517 159 1553 on
171 1516 254 1551 ausus
264 1500 387 1549 timuisse
399 1499 502 1565 palam:
512 1512 567 1548 vox
577 1498 651 1549 nulla
659 1497 748 1550 dolori

96 1569 221 1623 Creditur
249 1567 298 1620 sed
309 1573 452 1634 quantum,
468 1567 593 1619 volucres
604 1582 666 1619 curn
677 1567 774 1619 bruma
789 1585 833 1620 co·

187 1641 188 1645 ’
570 1642 654 1699 ercet,

95 1709 171 1760 Rura
181 1707 274 1768 silent,
292 1706 450 1775 mediusque
462 1713 537 1758 tacet
551 1707 609 1758 sine
620 1722 757 1759 murmure
767 1723 833 1774 pon·
861 1775 876 1826 6

567 1781 621 1838 tus,
844 1779 893 1826 20

96 1849 189 1898 Tanta
199 1845 283 1913 quies.
301 1842 398 1894 Noctis
409 1844 513 1911 gelidas
523 1844 569 1896 lux
580 1846 700 1898 solverat
710 1844 833 1896 umbras:

97 1917 171 1968 Ecce
181 1913 257 1966 faces
267 1913 340 1975 belli,
349 1912 501 1981 dubiaeque
511 1914 540 1964 in
551 1914 653 1981 praelia
662 1915 746 1965 menti

97 1985 233 2051 Urgentes
243 1982 347 2033 addunt
357 1982 481 2033 stimulos
491 1989 657 2053 cunctasque
668 1983 780 2049 pudoris

97 2054 236 2118 Rumpunt
244 2051 303 2102 iata
310 2065 414 2102 moras:
426 2051 514 2102 iustos
525 2048 648 2103 Fortuna
657 2051 764 2102 laborat

97 2123 167 2173 Esse
176 2120 254 2170 ducis
263 2124 363 2180 motus,
374 2124 403 2170 et
413 2133 525 2170 caussas
535 2120 639 2173 invenit
648 2122 739 2172 annis.
843 2120 893 2170 265

96 2188 212 2253 Expuiit
223 2188 334 2304 ancipiti
344 2187 485 2238 discordes
493 2186 561 2238 urbe
572 2189 697 2240 tribunos

98 2257 181 2310 Victo
191 2255 250 2305 iure
261 2269 278 2304 n
299 2267 352 2303 nan
360 2254 470 2305 iactate
480 2256 556 2305 curin
567 2254 710 2307 Gracchis.

98 2327 158 2377 Hos
167 2325 223 2374 iam
231 2327 308 2374 mota
318 2321 395 2372 ducis
406 2323 547 2388 vicinaque
559 2326 636 2390 signa
645 2329 770 2388 petentes

97 2394 193 2447 Audax
201 2391 292 2444 venali
303 2390 450 2442 comitatur
461 2389 542 2440 Curio
552 2390 659 2459 lingua:

100 2464 161 2518 Vox
172 2461 308 2532 quondam
317 2458 425 2527 populi,
435 2457 643 2528 libertatemque
654 2463 725 2511 tueri
842 2465 892 2513 250

97 2536 196 2595 Ausus,
208 2540 237 2585 et
246 2537 367 2584 armatos
378 2528 450 2597 plebi
459 2529 575 2581 miscere
584 2534 719 2596 potentes.

97 2603 186 2671 thue
196 2602 293 2655 ducem
303 2600 394 2651 varias
404 2598 557 2650 volventem
568 2605 681 2667 pectore
693 2613 772 2650 curas

97 2672 258 2739 Conspexit:
272 2669 347 2722 Dum
357 2666 726 2735 eooetmpotosreioeari,
784 2690 789 2700 ·

57 2764 62 2817 ἒ
99 2738 209 2802 Caesar,
220 2742 268 2801 ait,
277 2747 379 2806 partes,
391 2737 511 2804 quomo&
519 2741 624 2792 nolente
635 2748 740 2798 senato,
