1980 3074
142 55 191 103 1111
312 51 350 101 Μ.
385 47 486 100 An'n'.
522 47 706 99 lrocan'l

140 171 232 234 Fecit)
243 176 271 220 ot
282 175 410 220 aeternos
421 168 537 217 animam
550 166 697 235 collegitis
708 167 802 219 orbes.

97 239 132 288 111
144 237 206 290 Non
218 238 283 290 illuc
294 252 361 425 γα
373 236 470 304 positi,
481 251 533 287 nec
543 242 604 287 ture
615 234 713 302 sepulti

140 307 306 359 Perveniunt
346 306 391 356 llic
405 309 549 373 postquam
561 319 591 355 se
600 304 701 355 lumine
710 318 778 355 vero

139 376 278 444 Implevit,
289 392 302 426 1
316 374 437 442 eliasque
446 388 531 441 vagas
541 373 669 434 miratur,
681 378 710 424 et
722 377 803 424 11111

140 445 212 497 Fixa
221 444 306 512 polis,
317 443 385 493 ridit
395 447 498 509 quanta
507 442 557 493 sub
568 448 650 493 nocte
658 442 764 492 iaceret

140 513 243 564 Nostra
254 514 329 575 dies,
342 512 454 578 risitque
465 511 506 560 rui
516 508 633 561 ludibria
644 494 760 578 nuncil

97 582 130 632 15
143 583 216 634 Hinc
227 596 310 649 super
319 577 464 631 Emathiae
475 593 602 646 campos,
614 585 643 630 et
653 580 732 647 signa
741 583 852 633 cruenti

140 652 279 714 caesaris,
290 665 324 702 ac
335 664 445 716 sparsas
454 647 578 698 volitarit
587 648 616 698 lu
627 662 748 717 aequore
757 648 875 716 1111101,

139 720 176 771 Et
186 719 320 771 scelerum
332 717 430 768 vindex
440 719 468 768 in
479 723 577 770 sancto
587 723 701 786 pectore
711 717 794 769 Bruti

140 787 231 850 Sedit,
243 780 373 839 etinricti
384 787 476 852 posuit
486 802 516 839 se
526 793 618 838 mente
629 789 750 839 Catonia.

139 856 196 920 llle,
207 856 253 907 ubi
266 855 421 923 pendebant
432 870 527 919 casus,
539 856 704 925 dubiumque
715 858 858 922 manebat,

97 928 130 975 21)
142 927 229 986 Quem
241 925 334 975 mundi
344 924 483 975 dominum
494 923 618 976 facerent
630 925 720 977 ciuilia
729 924 813 989 bella,

140 994 244 1045 Oderat
256 1000 284 1045 et
293 993 433 1061 Magnum,
445 995 568 1060 quamvis
580 1009 674 1046 comes
682 994 751 1046 isset
761 995 791 1045 in
803 1010 883 1047 arma

138 1064 272 1131 Auspiciis
283 1067 378 1129 raptus
389 1063 510 1128 patriae,
522 1062 660 1131 ductuque
671 1068 799 1116 senatusz

137 1134 173 1185 At
182 1138 247 1199 post
257 1130 433 1183 Thessalicas
446 1130 537 1182 clades
548 1132 602 1182 iam
614 1137 729 1199 pectore
739 1138 804 1184 toto

139 1202 323 1269 Pompeianus
336 1206 405 1251 eret.
424 1200 545 1251 Patriam
556 1205 649 1251 tutore
661 1204 803 1252 carentem

96 1273 129 1321 25
140 1272 273 1337 Excepit,
285 1270 378 1338 populi
387 1268 554 1336 trepidantia
565 1269 687 1321 membra
696 1267 810 1331 refovit,

137 1341 148 1390 1
189 1342 247 1392 avis
257 1340 383 1390 manibus
395 1339 534 1404 proiectos
545 1337 665 1389 reddidit
675 1352 770 1390 emes:

139 1356 196 1459 hirene
209 1425 322 1477 regnum
336 1409 447 1474 cupiens
457 1408 543 1491 gessit
554 1407 642 1458 civilia
652 1406 735 1469 bella,

141 1477 199 1528 Nec
210 1480 312 1529 servire
322 1477 428 1526 timens.
447 1475 490 1526 hil
502 1491 599 1528 caussa
609 1474 712 1527 fecitin
725 1479 810 1529 armis

138 1547 200 1612 lpse
210 1560 273 1595 sua:
285 1549 361 1594 totae
374 1551 437 1609 post
447 1544 541 1612 Magni
554 1544 650 1595 lunera
662 1550 756 1611 partes

95 1614 129 1664 31)
138 1613 290 1663 Libertatis
301 1617 391 1663 erantt
398 1624 404 1659 .·'
411 1626 479 1677 quos
489 1628 523 1663 ne
534 1628 584 1678 per
594 1613 678 1664 litora
687 1612 766 1667 nisus

138 1681 286 1748 Colligeret
295 1679 391 1745 rapido
402 1681 520 1731 victoria
530 1683 656 1733 caesaris
666 1687 740 1745 actu,

138 1751 277 1815 Corcyrae
287 1753 395 1798 secreta
407 1750 490 1814 petit,
503 1764 536 1800 10
546 1751 618 1801 mille
630 1750 730 1803 carinis

137 1817 255 1870 Abstulit
264 1814 410 1868 Emathiae
420 1833 512 1869 secum
524 1817 680 1887 fragmenta
690 1820 798 1874 ruinae.

139 1888 205 1948 11111
218 1886 322 1936 ratibus
333 1887 417 1936 tantis
429 1885 562 1955 fugientia
573 1887 699 1939 crederet
707 1888 749 1940 ire

95 1958 127 2008 35
142 1953 269 2024 :lgnrinal
289 1956 348 2022 quis
359 1955 471 2023 pelagus
482 1958 569 2007 rictas
580 1964 703 2007 arctasse
714 1959 847 2011 carinas!

189 2025 295 2075 Dorida
312 2031 377 2074 tunc
394 2024 517 2088 Malean,
537 2032 566 2077 et
586 2031 709 2092 apertam
728 2026 884 2083 Taenaron

610 2093 723 2155 umbris,

138 2164 203 2215 lude
217 2161 338 2230 Cythera
348 2165 430 2230 petit:
450 2164 594 2231 Boreaque
604 2169 720 2230 urgente
730 2165 844 2219 0111111

139 2235 219 2284 Creta
231 2233 315 2301 sugit:
337 2232 455 2283 Dictaea
464 2231 543 2300 legit,
556 2231 716 2283 cedentibus
726 2232 820 2298 undis,

138 2303 244 2353 Litora.
263 2303 342 2352 Tunc
353 2316 448 2353 ausum
460 2301 538 2352 classi
552 2300 729 2368 praecludere
740 2310 844 2371 portus

94 2373 130 2422 to
142 2372 265 2438 impulit,
277 2385 310 2420 ac
320 2385 416 2421 saevas
426 2372 553 2420 meritum
565 2368 712 2435 Phycunta
721 2373 838 2439 rapinas

138 2440 257 2507 Sparsit:
270 2448 298 2489 et
310 2437 372 2491 hinc
384 2439 497 2506 placidis
510 2439 566 2491 alto
577 2438 714 2490 delabitur
723 2441 801 2493 auris
884 2484 891 2497 .

139 2511 258 2569 inlitus,
277 2506 419 2568 Palinure,
441 2516 531 2557 tuum:
555 2522 642 2575 nequo
665 2510 737 2559 enim
758 2524 887 2580 aequor-2

613 2581 719 2628 tantum
