1980 3074
158 127 209 177 tm
329 126 367 176 M.
402 123 504 176 ΔΝΝ.
538 124 720 176 ΙιῦΟΑΝΙ

98 242 149 296 bio
162 242 301 294 Fluctibus
311 259 327 294 e
338 243 449 293 summis
464 256 596 308 praeceps
609 257 693 292 marc:
717 256 830 311 cumque
846 250 891 296 tu·

629 317 735 361 mentes

159 380 261 430 Rursus
272 376 348 429 hiant
357 378 454 440 undae,
465 378 510 428 vix
521 379 621 428 cminct
630 393 749 444 aequm-s
758 379 855 432 mulus.

160 447 258 498 Nubila
268 452 417 514 tanguntur
424 446 500 507 velis,
510 451 539 496 et
547 451 623 496 terra
633 448 734 497 casina.

159 515 228 567 Nam
240 516 361 582 pelagus,
374 530 427 583 quc
437 520 515 581 purte
526 515 667 575 sedet,uon
679 515 750 566 celat
761 529 872 568 arena:

159 582 329 635 Exhaustum
338 585 365 634 in
377 583 505 645 tumulos,
516 583 656 700 omnisqude
665 585 693 632 in
704 581 831 635 fluctibus
840 601 888 635 uu·

647 665 664 700 a
673 657 723 701 est.

99 721 233 772 tiburtis
244 735 323 786 opem
333 721 423 770 vicere
435 724 536 770 metus:
554 718 694 786 nescitque
706 721 844 787 magister,

161 789 248 850 Quam
259 787 368 855 frangat
374 787 428 848 ‚cui
438 787 518 838 cedat
529 801 625 854 cquae.
655 787 801 839 Discordia
810 792 886 855 ponti

159 855 300 907 Succurrit
310 856 424 917 miseris,
434 853 585 920 fluctusque
596 863 719 906 evertere
731 858 842 923 puppim

158 924 220 976 Non
229 924 304 975 valet·
312 925 340 974 iu
350 923 462 974 fluctus:
480 924 581 973 victum
591 923 662 974 latus
675 924 746 974 unda
755 926 888 992 repellens

158 994 255 1060 Erigit,
267 998 350 1058 utque
361 993 433 1042 omni
443 992 530 1057 surgit
541 992 609 1042 ratis
620 992 706 1044 ardua
714 999 805 1044 vento.

99 1062 149 1115 550
160 1060 221 1112 Non
231 1059 358 1112 humilem
369 1059 474 1111 Sasona
483 1060 568 1121 vadis,
578 1074 633 1109 uon
643 1061 725 1111 litora
735 1077 834 1113 curvae

165 1129 325 1181 Thessaliae
336 1143 436 1181 suom
445 1134 554 1195 pavent,
565 1143 684 1197 oraeque
694 1130 826 1196 malignus

158 1199 318 1250 Ambraciae
328 1204 436 1266 portus:
455 1196 601 1263 scopulosa
612 1198 746 1248 cersuma
755 1205 855 1250 nsutsc

159 1266 271 1319 Summa
281 1268 385 1318 timent
405 1267 497 1317 credit
507 1267 563 1316 ism
574 1265 887 1332 dignapefisuiscsessr

158 1338 233 1388 Fatis
245 1352 305 1388 esse
317 1336 381 1388 suis.
413 1334 551 1387 Tantusne
562 1334 767 1398 muteremixit,

99 1405 149 1455 libb
161 1404 206 1455 Me
216 1407 319 1472 superis
329 1405 406 1455 labor
415 1415 455 1455 est
463 1422 472 1454 .·
478 1419 567 1470 parra
576 1419 652 1470 quem
658 1405 886 1470 puppesellentem

162 1471 228 1524 Tem
240 1490 337 1542 msgno
348 1474 450 1539 petiere
461 1470 550 1523 muril
578 1470 708 1539 &gloria
719 1473 769 1523 leti

158 1542 211 1592 Est
218 1545 317 1609 pelago
327 1543 429 1593 donata
440 1540 501 1602 snei,
513 1540 637 1607 bellisque
648 1557 780 1609 negamur
790 1558 802 1602 ,-

160 1609 321 1676 intrepidus,
334 1608 592 1675 quamcunqueduts's
604 1607 681 1728 mppss
686 1609 807 1671 numina,
817 1627 887 1662 usur·

158 1745 306 1812 Accipiam.
336 1744 413 1796 Licet
423 1744 544 1813 ingentes
553 1746 695 1812 abruperit
706 1755 785 1799 actus

98 1813 149 1864 550
159 1814 302 1865 Festinata
313 1812 368 1863 dies
373 1812 467 1884 fatis,·
485 1823 529 1864 sat
540 1830 641 1883 srrsgnu
647 1816 750 1895 peregi.

158 1882 274 1934 Arctoas
284 1882 374 1933 domui
381 1890 489 1947 gentes:
508 1881 620 1935 inimica
631 1883 724 1953 subegi

157 1950 340 2003 Armnmetu:
359 1949 881 2019 siditMsgnummibiRumssecursdssss

160 2021 236 2071 iussu
246 2019 321 2087 plebe
333 2020 386 2070 tuli
389 2019 482 2091 fuscet
491 2036 542 2086 per
553 2020 620 2070 bellu
630 2030 751 2090 negatos.

158 2089 242 2142 Nulla
253 2087 317 2139 meis
327 2089 414 2140 aberit
424 2088 512 2140 titulis
523 2087 646 2140 Romana
655 2098 785 2156 potestus.

97 2158 147 2209 555
160 2159 267 2210 Nesciet
275 2156 325 2208 boc
335 2158 484 2224 quisquam,
496 2157 549 2209 nisi
559 2166 598 2218 tu,
609 2173 677 2222 quae
687 2161 744 2210 sola
757 2174 878 2212 mecrssss

159 2225 274 2279 Conscia
284 2235 405 2278 notorum
417 2243 452 2288 es,
464 2243 512 2287 me,
524 2226 644 2293 quamvis
650 2230 745 2293 plenus
751 2226 882 2281 bonum

155 2296 195 2346 Es
206 2296 325 2347 dictutus
336 2312 393 2347 eam
404 2295 515 2364 Stygius
530 2305 557 2346 et
567 2299 658 2347 consul
666 2297 703 2347 ad
712 2296 830 2360 umbras,

157 2363 313 2426 Privatum,
324 2364 465 2426 Fortuna,
475 2363 552 2414 muri.
577 2362 756 2435 Mibifunere
765 2368 840 2418 sulio

156 2432 208 2484 Est
219 2450 297 2500 opus,
309 2450 324 2485 s
334 2434 442 2500 superi:
460 2435 576 2484 lacerum
588 2434 702 2485 retinete
713 2436 832 2488 caasser

94 2498 145 2554 tm
154 2501 295 2554 Fluctibus
304 2502 331 2555 in
342 2502 449 2554 mediis:
468 2502 553 2554 desint
564 2502 630 2554 mibi
640 2503 716 2556 bustu
725 2521 873 2575 rugasque,

159 2569 229 2622 Dum
240 2582 347 2625 metuar
357 2589 467 2639 semper,
479 2581 605 2636 ternaque
616 2583 754 2639 exspecter
765 2573 799 2626 ab
810 2576 893 2631 emi.

156 2641 233 2693 Haec
244 2640 330 2693 fatum
344 2643 473 2703 decimus,
484 2641 560 2692 dictu
571 2642 804 2704 mirabile,fluctus
