1980 3074
194 227 485 280 Prlsltsslrln.
521 228 612 278 hlB.
640 225 692 279 lv.
771 226 806 277 lb

74 349 144 396 [lum
155 347 233 397 dolor
245 354 287 398 est
296 348 421 414 ictusque
432 361 537 407 recens,
548 353 576 396 et
588 344 687 396 mobile
699 345 788 395 nervis

75 418 213 465 Conamen
222 415 325 466 calidus
336 415 450 480 praebet
460 430 550 476 cruor,
564 429 680 480 ossaque
692 413 811 464 nondum

74 483 219 533 Adduxere
230 490 335 534 cutem:
346 484 368 533 si
381 485 505 535 conscius
516 483 588 534 ensis
600 482 690 531 adacti

74 551 135 601 Stat
144 553 241 612 victor,
252 553 392 618 tenuitque
397 567 503 616 marrus,
514 549 700 617 tuncirigidus
711 555 785 600 artus

74 620 183 686 Adligat
195 627 277 686 atque
289 621 407 670 animum
417 620 552 671 subducto
564 618 664 669 robore
677 618 783 683 torpor,
821 621 871 669 29⁰

75 690 223 754 l‘ostquam
235 689 310 739 sicca
320 689 411 755 rigens
418 687 563 739 adstrinxit
573 687 687 737 vulnera
692 687 810 753 sanguis.

127 758 236 824 lamque
246 758 343 823 inopes
354 756 452 819 undae,
463 758 578 823 primum
590 754 687 806 tellure
694 753 811 816 refossa,

74 826 205 875 Occultos
216 826 321 886 latices,
332 825 512 893 abstrusaque
523 822 634 875 flumina
645 829 792 890 quaerunt:

74 893 130 944 Nec
143 895 229 944 solunr
240 895 336 945 rastris
347 893 475 961 durisque
487 893 622 961 ligonibus
634 907 708 953 arra,

74 962 127 1013 Sed
138 963 235 1030 gladiis
246 962 341 1014 fodere
352 963 421 1013 suis:
433 970 584 1030 puteusque
597 962 687 1013 cavati
821 963 871 1012 295

74 1033 175 1082 Montis
187 1033 220 1082 ad
229 1033 325 1099 irrigui
336 1032 469 1098 premitur
480 1030 544 1083 fasti
566 1032 591 1081 'a
603 1031 700 1097 campi.

75 1099 133 1150 Non
144 1117 174 1151 se
184 1107 241 1151 tam
251 1102 368 1167 penitus,
379 1106 436 1150 tarn
446 1100 537 1168 longe,
557 1114 608 1150 uce
617 1100 723 1161 relicta,

75 1170 201 1219 Merserit
213 1169 317 1234 Assyrii
328 1175 470 1219 scrutator
480 1168 595 1234 pallidus
606 1168 674 1218 auri.

75 1237 134 1288 Non
145 1245 236 1288 tamen
248 1244 295 1287 aut
305 1237 388 1287 tectis
398 1242 549 1287 sonuerunt
559 1235 684 1287 cursibus
697 1251 799 1297 amnes,

74 1308 125 1354 [lut
135 1307 255 1355 micuere
267 1306 340 1366 novi,
352 1319 482 1370 percusso
494 1305 610 1370 pumice,
621 1301 726 1353 fontes:
821 1307 871 1355 300

74 1376 158 1422 Antra
167 1387 218 1421 neo
229 1373 328 1438 exiguo
339 1372 443 1422 stillant
453 1371 580 1421 sudantia
590 1385 663 1432 rore,

77 1444 126 1489 lut
136 1440 254 1505 impulsa
263 1440 316 1489 leri
326 1439 453 1489 tur-batur
462 1439 557 1507 glarea
566 1453 645 1489 verra.

75 1511 152 1558 'l'unc
165 1505 300 1557 exhausta
310 1522 392 1572 super
401 1507 486 1557 multo
499 1506 598 1557 sudore
608 1507 733 1559 iuventus

75 1573 243 1636 Extrahitur,
256 1576 329 1626 dur-is
341 1575 445 1626 silicum
456 1576 559 1626 lassata
570 1574 695 1627 metallis.

75 1647 189 1712 Quoque
201 1647 288 1696 minus
300 1651 414 1711 possent
424 1645 514 1695 siccos
524 1644 645 1696 tolerare
656 1660 783 1712 vapores,
821 1649 870 1698 3⁰5

74 1716 221 1775 Quaesitae
233 1714 336 1765 lecistis
349 1727 445 1781 aquae.
475 1713 533 1765 Nec
545 1713 673 1783 languida
683 1715 748 1767 lessi

72 1785 194 1849 Corpora
205 1790 360 1835 sustentant
371 1783 465 1850 epulis,
477 1799 638 1851 mensasque
649 1786 739 1851 perosi

71 1853 203 1903 Auxilium
214 1852 306 1904 secere
318 1852 426 1904 tamem.
455 1851 484 1904 si
493 1853 602 1904 mollius
613 1868 707 1904 arrum

71 1923 194 1972 Prodidit
205 1921 356 1983 humorem,
369 1923 708 1991 pinguesmanusutraque
713 1924 807 1992 glebas

72 1993 207 2058 Exprimit
218 2007 268 2042 ora
279 2006 370 2057 super.
398 1989 483 2059 Nigro
496 1992 519 2041 si
528 1991 639 2042 turbida
648 1991 713 2042 limo
817 1996 867 2043 :31⁰

70 2060 203 2110 Colluvies
212 2060 423 2120 imnrotaiacet‚
434 2060 508 2110 cadit
519 2061 606 2110 omnis
616 2061 644 2110 in
655 2058 769 2112 haustus

70 2129 200 2177 Certatim
213 2129 366 2179 obscoenos
376 2127 466 2177 miles:
477 2129 650 2195 moriensque
661 2132 775 2197 recepit,

71 2197 145 2255 Quas
155 2196 240 2246 nollet
249 2197 381 2256 victurus,
392 2209 409 2244 a
427 2209 490 2245 uas:
500 2196 608 2263 rituque
618 2195 738 2247 terarum

71 2264 210 2314 Distentas
221 2267 327 2314 siccant
337 2210 465 2328 pecudes,
476 2268 505 2313 et
514 2262 587 2314 lacte
597 2270 709 2330 negato,

70 2332 201 2382 sordibus
211 2330 347 2383 exhausto
355 2329 482 2381 sorbetur
492 2330 526 2380 ab
535 2330 620 2382 ubere
631 2334 750 2403 sanguis.
814 2334 865 2385 315

69 2404 147 2452 'l'unc
158 2400 257 2452 herbas
268 2398 434 2466 frondesque
445 2404 545 2462 terunt,
555 2404 652 2451 etrore
662 2398 806 2455 madentes

68 2470 248 2539 Destringunt
257 2483 364 2520 ramos:
377 2482 409 2518 ac
420 2468 522 2536 siquos
532 2466 644 2537 palmite
656 2468 753 2535 crudo,

66 2539 177 2590 Arbor-is
188 2546 236 2590 aut
247 2546 343 2591 tenera
353 2550 452 2591 succos
461 2544 587 2605 pressere
596 2536 723 2591 medulla.
775 2602 779 2609 ¹

118 2608 141 2659 0
155 2607 297 2669 fortunati,
307 2606 415 2675 lugiens
425 2619 494 2673 quos
504 2605 600 2659 barba!
656 2608 749 2673 lestis.
852 2610 857 2615 '

67 2677 198 2728 Fontibus
207 2678 332 2727 immixto
343 2676 442 2727 stravlt
451 2680 628 2743 portamur
684 2678 702 2712 ¹⁴
720 2672 729 2685 ’
757 2686 769 2691 ““
780 2670 795 2699 “’
811 2676 864 2731 m

66 2745 125 2793 llos
135 2746 200 2796 licet
210 2748 237 2796 irr
248 2745 345 2796 llurlos
355 2744 459 2796 saulem
470 2744 636 2815 ttlirmque'.
