1980 3074
204 169 253 220 ito
373 169 410 220 Μ.
449 167 766 219 .ina'.1,ucan'i

144 288 193 338 tta
207 285 306 339 Ostenta
318 286 383 352 qnid
394 289 516 338 laceros?
525 288 590 354 quid
597 287 710 352 perdere
716 284 949 337 mactandam!

208 355 265 405 iarn
276 354 346 406 nihii
355 364 404 417 eet,
414 355 647 415 Portunamnetu.
664 354 711 406 Sic
722 353 808 404 fatur:
818 359 848 403 et
858 368 948 418 arma,

206 422 353 493 Signaque,
365 431 393 475 et
401 424 525 475 adiiictas
534 425 668 474 omniiam
679 427 757 489 parte
769 426 894 472 caten-aa

206 492 317 555 Circuit,
329 499 477 544 etrevocat
485 501 594 542 matura
605 494 633 542 in
644 490 703 542 fata
712 496 832 551 ruentes,

207 559 296 628 Seque
307 567 390 629 negat
399 563 477 612 tanti.
498 560 556 611 Nec
567 560 662 611 deerat
673 559 756 609 robur
765 560 793 608 in
805 573 885 609 enses

147 630 197 680 oto
210 631 252 680 iro
263 630 335 693 duci,
345 630 494 698 iuguloque
505 630 571 694 pati,
583 629 627 680 vei
638 633 750 693 pectore
760 627 862 676 ictum:

208 697 262 749 Sed
273 699 463 750 timuit'etrato
476 697 554 748 miles
564 711 598 748 ne
611 709 728 762 corpore
736 695 832 762 Magni

207 766 268 818 Non
277 766 396 834 iugarat,
407 781 543 833 supraque
550 765 648 816 ducem
656 762 850 831 procumberet
860 763 950 814 orbis:

209 837 335 886 Caesaris
347 842 395 886 aut
405 835 490 885 oculis
501 834 588 885 voiuit
598 833 752 884 subducere
760 838 887 890 mortem,

210 902 408 970 Nequidquam.
437 902 543 963 infelix,
554 917 653 954 socero
663 906 790 968 spectare
801 899 906 950 volenti

150 972 182 1022 di
185 973 199 1021 5
210 971 408 1022 Praestandum
419 976 461 1021 est
476 970 637 1038 ubicumque
653 976 744 1034 caput
772 966 827 1019 Sed
840 974 871 1018 tu
882 984 949 1036 quo·

679 1053 741 1106 que,
752 1037 881 1099 coniunx,

211 1111 330 1159 Causeae
342 1105 587 1174 fugaeruitnsque
597 1109 651 1158 tui:
667 1105 785 1173 fatisque
801 1105 947 1172 probatum

685 1180 728 1225 est

212 1247 404 1310 'repraesenta
415 1244 493 1293 mori.
513 1243 849 1310 'i'umMagnumconcitue
858 1241 950 1293 aufert

213 1313 314 1364 iibeiio
327 1313 446 1378 sonipes,
456 1327 511 1362 non
523 1319 602 1379 tergo
614 1313 669 1363 teia
680 1317 833 1377 paventem,

213 1384 392 1450 ingentesque
403 1381 508 1430 animos
520 1386 645 1431 extrema
653 1382 681 1430 in
691 1378 750 1430 iata
760 1378 904 1430 ferentem.

152 1452 201 1501 680
213 1449 275 1501 Non
284 1451 410 1519 gemitus,
422 1464 476 1499 non
488 1447 568 1500 fletus
579 1455 647 1510 erat,
660 1448 789 1515 amneque
804 1447 942 1498 verendus

212 1519 358 1570 Maiestate
370 1517 458 1580 dolor,
469 1517 575 1583 qualern
585 1523 623 1578 te,
633 1519 743 1584 Magne,
755 1515 874 1567 decebat

213 1587 341 1637 Romanis
352 1591 492 1650 praestare
502 1585 588 1637 maiia
616 1584 677 1637 Non
688 1587 793 1651 impare
803 1583 881 1635 voitu

213 1655 336 1722 Adspicis
348 1652 515 1704 Emathiam:
533 1669 585 1705 nee
595 1661 623 1705 te
633 1653 881 1720 rideresupcrbum

215 1725 351 1789 Prospera
358 1721 498 1783 beliorum,
510 1721 683 1774 neesractum
689 1720 953 1773 adversavidebuat.

154 1792 203 1840 685
217 1793 358 1857 Quamque
368 1789 419 1839 iuit
428 1790 502 1840 laeto
514 1805 563 1856 per
574 1797 631 1843 tres
640 1791 726 1842 iniida
735 1787 899 1857 triumphos,

215 1861 284 1909 'i'nm
296 1858 396 1907 misero
407 1858 530 1910 Fortuna
539 1860 636 1911 minor.
654 1861 712 1910 lam
722 1857 844 1925 pondere
853 1853 904 1910 tau

214 1927 347 1994 Deposito
357 1940 469 1977 securus
481 1926 552 1979 abis:
570 1944 642 1980 nunc
652 1926 857 1994 temporaiaete

215 1995 376 2063 Respexisse
387 2001 480 2046 vacate
503 2012 567 2062 spes
577 2013 723 2064 numquam
738 1994 877 2062 implenda
892 2011 936 2047 re-

687 2066 777 2116 cessit.

216 2136 282 2195 tinia
294 2132 386 2196 fueris,
396 2149 467 2184 nunc
478 2135 548 2186 scire
559 2133 632 2185 iicet
650 2133 727 2201 Fuge
737 2133 843 2200 praelia
852 2132 924 2195 dira,

155 2203 205 2253 690
215 2207 254 2253 Ac
264 2210 367 2254 testare
377 2203 453 2265 deos,
463 2202 573 2264 nulium,
585 2202 630 2269 qui
641 2207 746 2269 perstet
755 2203 782 2252 in
794 2202 887 2265 arnus,

216 2274 272 2322 iarn
282 2272 341 2333 tibi,
351 2272 461 2339 Magne,
471 2272 554 2322 mori:
566 2286 616 2322 ceu
627 2270 722 2322 iiebiiis
733 2269 824 2321 Africa
833 2270 953 2333 damah,

215 2342 252 2392 Et
263 2356 313 2392 ceu
319 2340 423 2391 Munda
429 2354 540 2401 nocens,
547 2337 702 2406 Pharioque
709 2339 838 2408 egurgite
845 2337 952 2401 cicadas,

217 2409 262 2461 Sic
274 2414 302 2460 et
313 2406 490 2460 Thessalicae
501 2414 564 2473 post
574 2414 602 2459 te
612 2423 676 2474 pars
686 2408 804 2458 maxima
814 2422 933 2474 pugnae.

216 2477 277 2528 Non
289 2479 344 2528 iarn
355 2477 479 2544 Pompeii
490 2491 588 2527 nomen
600 2477 731 2543 populare
741 2490 791 2544 per
801 2475 907 2535 orbem,

157 2547 205 2595 095
217 2545 484 2597 Necstndiumbeiii:
496 2543 544 2595 sed
552 2560 609 2610 par,
617 2542 958 2612 quodsemperhabemus,

216 2615 343 2665 Libertas
355 2619 384 2667 et
395 2615 495 2664 Caesar
504 2621 597 2664 erunt:
619 2623 700 2681 teque
709 2613 773 2664 indo
784 2612 881 2679 fugato

217 2683 343 2733 Ostendit
353 2681 481 2743 moriens,
491 2680 542 2733 sibi
553 2696 583 2732 se
595 2696 738 2750 pugnasse,
750 2690 870 2733 senatus.
