1980 3074
164 213 199 262 ll
330 211 369 261 Μ.
405 208 506 260 ΑΝΝ.
541 208 724 261 bucam

101 332 152 381 lto
163 330 292 383 Vindicat
303 327 414 379 alternis
426 327 536 390 uicibus,
547 343 629 394 quum
639 326 761 378 funditur
770 331 866 396 ingens

163 400 298 461 Oceanus,
308 396 352 447 vel
363 411 443 464 quum
455 397 557 463 refugis
568 410 598 447 se
609 395 737 446 fluctibus
747 396 845 448 aufert„

162 468 268 519 Ventus
278 465 313 517 ab
325 471 449 516 extremo
462 465 575 532 pelagus
586 466 627 515 sio
638 479 690 516 axe
699 465 813 529 volutet,

162 536 356 603 Destituatque
367 533 473 597 fereas3
493 548 527 583 an
539 532 629 584 sidere
638 540 715 584 mota
725 535 848 585 meando

162 602 289 670 Tethyos
298 603 372 654 unda
384 615 472 670 vagae
482 601 621 652 lunaribus
633 608 741 653 aesmet
751 601 841 667 boris3

101 675 152 725 lli
163 674 214 726 Fla
298 686 329 722 er
340 686 373 722 an
385 672 483 732 Titan,
493 677 525 720 ut
535 670 639 720 alentes
650 668 760 722 lranriat
768 672 865 734 undaa,

162 743 260 810 Erigat
298 755 422 802 oeanum,
433 737 586 806 lluetnsque
596 739 632 789 ad
643 739 735 790 sidera
745 740 838 803 ducat,

162 811 302 872 Quaerite,
308 823 377 876 quos
387 807 573 876 agitatmundi
583 807 675 858 labor:
687 807 785 859 atmilti
792 823 902 876 semper

161 880 219 941 Tu,
237 891 425 945 quaecumque
434 891 529 927 moves
539 882 596 926 tam
608 876 721 928 crebros
732 891 816 928 causa
826 893 901 929 mea-

634 951 687 1007 tus,

161 1016 198 1068 Ut
208 1015 300 1081 superi
310 1013 430 1075 voluere,
442 1012 505 1064 late.
525 1014 603 1064 Tunc
614 1028 679 1064 rura
691 1012 814 1064 Nemetis

101 1086 153 1134 42⁰
165 1084 219 1146 Qui
228 1088 314 1145 tenet,
325 1087 354 1133 et
364 1083 438 1148 ripas
448 1083 534 1143 dtur-i,
546 1097 600 1149 qua
609 1082 690 1134 litore
700 1098 785 1134 curro

168 1151 289 1203 Molliter
299 1151 445 1202 admissum
457 1150 560 1201 claudit
568 1150 723 1202 Tarbellica
734 1165 846 1220 aequor,

162 1218 246 1288 Signa
254 1225 356 1282 moret,
366 1219 522 1287 gaudetque
533 1227 626 1270 amoto
638 1218 776 1271 Santonus
787 1218 882 1276 hostes

162 1289 199 1340 lit
207 1289 325 1351 Biturix,
336 1288 479 1407 longiagas
489 1288 564 1339 leves
576 1286 728 1340 Suessones
737 1290 765 1338 in
775 1292 874 1342 armis:

162 1358 287 1425 Optimus
298 1371 413 1409 excusso
451 1371 536 1408 eacus
546 1355 719 1425 Rhemusque
729 1357 845 1421 lacerto,

100 1426 152 1476 aad
163 1427 273 1495 Optima
282 1441 349 1495 gens
359 1424 437 1477 flexis
447 1426 475 1476 in
486 1441 585 1494 gyrum
598 1424 725 1494 Sequana
735 1424 833 1478 frenis:

160 1496 197 1546 ut
208 1495 306 1546 docilis
315 1501 409 1546 rector
419 1495 532 1546 rostrati
542 1495 630 1563 Belga
640 1496 743 1545 covini:

159 1565 326 1631 Arreniique
338 1565 397 1614 ausi
402 1563 500 1614 Latios
511 1578 541 1614 se
553 1563 590 1613 llo
610 1579 656 1614 ere
668 1563 777 1627 iratres,

160 1629 297 1699 §anginae
309 1631 343 1681 ab
354 1631 439 1681 iliaco
450 1631 556 1698 populi3
632 1634 739 1700 'umque
750 1633 860 1685 rebellia

160 1698 289 1761 Nervius,
301 1706 330 1750 et
340 1700 413 1750 caesi
424 1698 543 1765 pollutus
555 1701 686 1768 sanguine
698 1702 809 1752 Cottae:

99 1768 150 1818 430
161 1768 198 1819 lit
207 1769 253 1835 qui
262 1774 290 1818 te
299 1767 370 1819 laxis
377 1768 526 1830 imitantur,
539 1766 674 1832 Sarmata,
684 1768 792 1820 braccis

160 1837 220 1889 Van
240 1837 329 1886 ‘oness
345 1836 498 1903 Batavique
509 1844 615 1899 tmces‚
626 1853 695 1905 quos
706 1853 769 1890 aere
782 1854 898 1892 recurro

160 1903 215 1956 Stri
235 1912 311 1956 entes
323 1919 422 1955 acuere
432 1904 527 1956 tubae:
547 1921 601 1973 qua
612 1908 697 1974 cinga
707 1915 833 1974 pererrat

162 1973 288 2042 Gurgite:
301 1988 355 2041 qua
364 1972 512 2025 Rhodanus
521 1981 630 2042 raptum
640 1975 780 2027 velocibus
790 1978 870 2030 undis

160 2043 190 2093 ln
201 2056 276 2093 mare
287 2041 465 2093 lertArarim:
476 2058 530 2110 qua
539 2044 676 2096 montibus
688 2045 774 2095 ardua
783 2050 897 2099 summis
931 2038 934 2061 ¹

98 2110 149 2161 435
162 2111 237 2163 Gens
247 2108 354 2163 babitat
364 2126 434 2162 cana
442 2111 593 2178 pendentes
603 2128 671 2180 rupe
682 2113 842 2166 Gebeunas:

159 2178 303 2248 [Pictones
312 2181 446 2233 bnmunes
455 2180 585 2249 subigunt
594 2198 645 2234 sna
655 2198 732 2248 rora;
751 2199 802 2235 nec
815 2185 888 2237 ultra

158 2250 300 2302 instabiles
312 2251 439 2302 Turonas
451 2251 608 2304 mmumdta
618 2261 711 2303 castra
720 2257 858 2303 coercent.

157 2319 187 2369 ln
198 2319 303 2371 nebulis
312 2320 451 2372 Meduana
461 2322 517 2372 tuis
526 2336 650 2373 marcere
661 2337 776 2389 perosus

155 2388 255 2451 andus,
266 2389 321 2440 iam
333 2389 442 2456 placida
451 2389 560 2456 Ligeris
570 2396 713 2442 recreatur
723 2389 756 2439 ab
767 2391 848 2452 unda,

93 2456 146 2507 §ld
155 2457 263 2523 inclyta
272 2459 413 2509 &mareis
425 2458 554 2509 Genabos
565 2458 722 2509 dissolvitur
731 2457 803 2525 alis]

157 2526 201 2576 Tu
212 2541 328 2595 quoque,
339 2526 459 2577 laetatrrs
469 2527 592 2576 converti
603 2525 715 2592 praelia,
722 2528 831 2576 Treuir:
886 2548 888 2552 ⁷

154 2595 192 2646 ut
201 2611 273 2646 nnnc
284 2601 364 2645 tonse
375 2594 471 2662 Ligur,
484 2594 620 2660 quondam
631 2610 681 2661 per
692 2595 763 2645 colla
774 2595 867 2647 decor-1¹

155 2663 278 2713 Crinibus
288 2662 382 2713 effusis
393 2664 445 2713 toti
457 2661 579 2728 praelate
591 2665 734 2717 Comatae:

154 2729 206 2779 Et«
266 2746 298 2780 ns
309 2732 421 2781 immitis
433 2730 558 2796 placamr
567 2736 697 2802 sanguine
707 2735 766 2787 diro
