1980 3074
202 62 489 114 Pflatssnlmn.
525 62 617 113 [ΑΒ.
638 63 725 114 vttt.
780 65 832 117 11⁹

75 223 76 226 ,
98 182 267 246 Quamquam
279 196 330 233 nan
343 180 392 231 ulli
399 183 461 247 plus
471 180 563 248 regia,
575 179 694 248 Magne,
705 182 820 246 vacabit,

98 248 220 303 Saevitia
232 248 397 309 stimulante,
411 248 509 309 Venus,
520 249 658 311 titulisque
667 251 793 302 uirorum.

99 318 169 369 Nam
182 333 232 382 quo
241 319 324 382 plura
335 316 427 368 iurent
438 316 572 368 Parthum
579 327 723 383 portenta,
729 321 820 389 faisse

99 388 180 438 Hanc
190 386 256 436 sciet
267 393 294 435 et
307 382 412 434 Crassi:
423 401 470 435 ceu
479 386 582 451 pridem
595 385 764 457 debitufaris
839 392 890 442 415

98 453 231 523 Assyriis,
242 450 366 503 trahitur
377 453 462 504 cladis
473 454 581 518 captiua
593 463 722 506 uetustae.

98 524 223 574 Haereat
233 520 308 571 ane
319 523 414 572 vulnus
424 520 571 572 miserabile
582 521 681 582 sortis,·

98 591 127 643 N
129 609 161 643 ou
172 594 255 641 solum
267 589 520 708 auxiliumfunesto
531 606 547 640 a
558 605 622 658 rege
630 591 736 656 petisse,

98 662 153 713 Sel
157 660 272 728 gessisse
281 658 359 724 prius
370 658 399 709 be
410 662 463 709 lum
475 658 552 709 civile
558 659 680 724 pudebit.

98 730 166 781 Nam
178 728 248 796 quad
255 727 443 795 apadpopulos
449 726 548 778 crisma
555 727 690 792 socerique
702 737 828 794 tuscruyue
841 732 889 780 tao

98 798 188 848 Maius
199 797 266 858 erit,
279 812 357 863 yuasu
370 797 455 862 quod,
465 795 540 847 aubis
550 795 718 848 miscentibus
729 813 815 859 orma,

98 867 256 918 Crassorum
267 865 385 917 uindicta
393 864 488 932 periti
505 865 648 917 incurrere
659 866 750 917 cuncti

95 935 253 988 Debuerant
263 934 291 984 in
301 931 407 985 Basctra
420 934 514 995 (luces,
525 945 549 985 et
562 952 594 986 ae
604 951 655 1000 qua
666 945 794 987 uacarent

96 1007 193 1066 Arma,
202 1005 245 1055 ael
255 1003 383 1054 Arctoum
396 1002 495 1064 Dacis,
506 1002 644 1068 Rhenique
654 1005 771 1055 cateruis

96 1072 207 1139 Imperii
215 1073 317 1123 nudare
327 1074 415 1133 latus,
427 1072 489 1123 dum
497 1071 604 1137 perfida
617 1071 685 1122 Scaea
836 1076 887 1124 425

96 1142 129 1193 ln
140 1142 255 1192 tumulos
263 1142 393 1206 prolapsa
405 1139 491 1190 rirctm
498 1175 506 1199 ,
519 1139 687 1207 Babylonque
699 1139 827 1191 iacerent.

97 1209 225 1277 Assyriae
233 1209 297 1274 paci
302 1207 401 1275 finem,
413 1207 547 1266 Fortuna,
556 1210 716 1274 precamur.-

97 1277 136 1328 Et
147 1279 170 1328 si
185 1274 340 1326 Thessaliae
351 1275 445 1326 bellum
457 1276 532 1326 ciuile
541 1285 682 1340 peractum
694 1285 742 1335 est,

98 1346 141 1396 aa
151 1342 281 1404 Parthos,
294 1343 339 1410 yui
350 1342 427 1403 uicit,
438 1352 491 1394 eat.
513 1344 584 1394 Gens
595 1343 675 1394 unica
688 1345 779 1395 munli
790 1355 839 1410 est!

97 1414 141 1466 De
153 1430 207 1479 qua
220 1410 360 1463 Caesareis
366 1411 466 1478 possim
475 1412 595 1479 gaulere
607 1411 765 1477 triumphis.⁴
839 1417 889 1466 430

99 1484 157 1536 Nan
168 1480 220 1534 tibi
229 1517 238 1543 ,
249 1497 307 1533 cum
314 1481 435 1548 gelidum
446 1481 563 1547 primum
575 1481 701 1533 transibis
712 1483 830 1546 Araxen,

99 1552 199 1604 Umbra
211 1550 280 1602 unis
292 1550 384 1601 moesti
394 1548 527 1618 Scythicis
537 1549 643 1619 confixa
652 1548 763 1618 sagittis

97 1621 207 1690 Ingeret
218 1619 266 1671 has
277 1621 368 1671 uoces?
390 1619 431 1671 Tu
437 1656 445 1680 ,
456 1635 531 1687 quem
539 1628 602 1687 post
607 1618 713 1690 funera
723 1631 815 1672 rostro

98 1691 217 1742 Ultorem
229 1688 346 1741 cinerum
357 1690 443 1741 nahae
454 1689 618 1756 speravimus
628 1688 746 1750 umbrae,

96 1760 243 1831 Alsoeslus
252 1775 397 1826 pacemque
407 1758 497 1810 aenis?
518 1755 595 1811 Tunc
601 1758 722 1826 plurima
736 1762 819 1812 clariis
837 1762 887 1810 435

98 1828 251 1880 Occurrent
262 1829 425 1881 monimenta
438 1828 503 1880 tibi.-
514 1844 582 1893 qaae
593 1827 698 1882 moenia
710 1831 802 1880 trunci

96 1897 264 1947 Lustrarunt
276 1898 378 1948 cervice
388 1897 479 1959 clucet,
490 1897 536 1949 ubi
546 1895 654 1950 nomina
665 1907 745 1949 tanta

97 1963 198 2016 Obruit
208 1963 376 2029 Euphrates,
386 1974 413 2017 et
421 1975 515 2018 nostra
525 1967 658 2017 cadauera
672 1965 765 2034 Tigris

98 2031 208 2081 Detulit
218 2031 247 2082 in
259 2041 360 2093 terras,
372 2049 405 2083 ac
415 2033 538 2084 redditlit.
567 2034 613 2086 Ire
621 2050 671 2100 per
681 2035 733 2086 ista

97 2100 128 2150 Si
136 2109 229 2165 potes,
245 2098 274 2150 in
290 2100 376 2150 media
392 2115 509 2151 socerum
521 2117 640 2166 quoque,
656 2100 774 2171 Magne,
790 2122 816 2155 se

571 2170 671 2220 dentem
837 2176 887 2224 44⁰

101 2235 243 2287 Thessalia
251 2238 362 2301 placare
370 2245 455 2302 pates.
487 2235 558 2298 Quin
568 2237 680 2302 respicis
692 2238 779 2290 orbem

96 2305 266 2357 Romanum?
288 2305 319 2356 Si
329 2321 414 2374 regna
425 2304 503 2356 times
509 2304 635 2371 proiecta
646 2306 692 2358 suh
704 2317 798 2360 austro

94 2373 263 2443 Infidumque
270 2374 375 2436 iubam,
379 2373 497 2441 petimus
504 2373 614 2427 Phoron
622 2392 741 2443 aruaque
747 2377 827 2446 Lagi.

95 2444 219 2512 Syrtibus
230 2443 293 2497 hinc
304 2444 411 2514 Libycis
423 2453 484 2496 tuta
496 2454 535 2497 est
548 2444 685 2514 Aegyptos
722 2446 825 2498 atinde

97 2514 214 2581 Gurgite
223 2527 331 2580 septeno
340 2515 451 2581 rapidus
462 2531 535 2567 mare
547 2515 681 2567 submonet
692 2515 790 2567 amnis:
839 2517 887 2568 tls

98 2579 184 2633 'l'erra
195 2583 250 2634 suis
261 2594 387 2638 contento
399 2583 485 2646 bonis,
498 2603 548 2638 non
560 2585 659 2704 inslizpp
665 2584 767 2647 mercis,

665 2657 680 2704 2
