1980 3074
210 197 261 246 112
382 194 419 242 Μ.
456 192 556 244 ΑΝΝ.
592 192 772 246 Lucum

210 314 284 372 Quas
295 317 401 372 venum,
412 311 565 379 ductaeque
572 313 631 378 pari
637 310 824 362 moderamine
830 311 947 365 dextrae

209 380 363 431 Permixtas
373 377 493 429 habuere
504 380 563 430 diu:
584 379 723 447 latumque
733 394 783 446 per
792 394 905 447 aequor,

208 450 245 500 Ut
253 453 393 509 terrestre,
405 448 470 509 coit,
481 448 616 498 consertis
627 446 770 514 puppibus,
781 462 888 516 agmen.

208 516 262 568 Sed
274 530 330 566 nox
340 531 423 567 saeva
434 515 543 566 modum
554 517 628 567 venti
638 516 745 583 velique
756 521 881 567 tenorem

148 588 198 636 110
207 586 315 652 Eripuit
327 585 425 646 nautis,
437 585 610 652 excussitque
623 585 717 635 ordine
728 598 842 650 puppes.

207 653 355 720 Strymona
363 654 404 704 sio
413 653 540 720 gelidum,
550 653 647 703 bruma
652 652 777 718 pellente,
789 653 945 722 relinquunt

205 724 325 774 Poturae
335 728 372 784 te,
383 721 452 783 Nile,
463 736 553 789 grues,
564 722 704 788 primoque
714 720 807 772 volatu

208 791 450 859 Effinguntvarias,
462 805 527 841 oasu
536 795 715 851 monstrante,
727 789 837 857 figuras.

206 861 272 910 Mox
283 859 329 909 ubi
340 860 474 924 percussit
483 864 575 909 tensas
586 856 675 909 Notus
687 858 768 909 altior
779 857 850 909 alas:

145 928 196 978 115
210 927 344 979 Confusos
355 932 458 978 temere
468 927 609 982 immixtae
620 926 840 994 glomeranturin
852 927 944 986 orbes,

205 999 242 1047 Et
250 995 362 1046 turbata
372 995 444 1060 perit
453 995 582 1060 dispersis
592 995 673 1046 litera
683 996 786 1062 peonis.

205 1067 270 1116 Cum
282 1064 406 1130 primum,
416 1062 546 1114 redeunte
558 1063 612 1126 die,
621 1064 766 1114 violentior
775 1078 824 1116 aer

206 1132 344 1200 Puppibus
354 1131 486 1194 incubuit,
499 1128 629 1184 Phoebeo
640 1133 765 1183 eoneitus
776 1138 848 1184 ortu.

207 1203 386 1253 Praetereunt
396 1198 499 1251 frustra
510 1201 609 1251 tentati
620 1201 704 1251 litora
714 1199 796 1262 Lissi,
904 1202 908 1208 '

147 1273 196 1320 120
208 1266 453 1337 Nymphaeumque
463 1274 566 1331 tenent,
576 1268 844 1337 nudasdquilonibus
853 1267 940 1318 undas

206 1337 361 1391 Succedens
373 1339 479 1389 Boreae
489 1339 544 1389 iam
555 1344 664 1404 portum
674 1337 780 1389 fecerat
789 1339 897 1389 Auster.

257 1408 381 1474 Undique
392 1406 499 1458 collatis
509 1407 538 1457 in
547 1406 632 1457 robur
641 1408 766 1457 Caesaris
776 1407 870 1468 mnu,

206 1477 318 1528 Summo
328 1474 421 1526 ridens
433 1476 493 1526 duri
502 1476 619 1543 Magnus
631 1474 787 1525 discrimina
797 1474 897 1525 Martis

207 1547 263 1596 lam
276 1545 372 1596 eastris
383 1546 487 1595 instare
498 1545 567 1595 suist
586 1557 720 1611 seponere
733 1548 820 1594 tutum

150 1614 200 1663 115
213 1613 336 1680 coniugii
348 1612 470 1663 decrevit
480 1627 557 1673 onus,
568 1612 715 1679 Lesboque
726 1619 860 1664 remotam

208 1683 249 1732 Te
261 1680 356 1747 prooul
365 1694 382 1729 a
392 1681 466 1731 saeri
476 1682 601 1745 strepitu,
612 1681 746 1744 Cornelia,
755 1680 820 1732 belli

207 1749 349 1800 Occulore.
379 1748 443 1799 Heu
463 1755 593 1814 quantum
614 1755 718 1800 mentes
738 1749 895 1800 donunatur
912 1748 939 1798 in

679 1833 711 1869 ae
729 1833 779 1869 uas

208 1886 284 1936 iuste
299 1882 404 1935 Venus!
435 1883 553 1935 Dubium
571 1834 760 1954 trepidumqlue
776 1886 811 1938 ad
826 1884 939 1952 proelia,

678 1957 707 2005 Μ
762 1969 787 2018 e,

207 2023 249 2072 Te
260 2035 367 2088 quoque
378 2018 445 2072 iecit
456 2037 545 2072 amor:
564 1971 810 2090 quodnollesagdare
820 2023 871 2076 sub
881 2025 938 2074 ietu

147 2090 198 2140 130
209 2091 356 2151 Fortunae,
367 2105 421 2156 quo
433 2091 548 2141 mundus
559 2099 627 2155 erat,
640 2093 816 2160 Romanaque
826 2092 894 2154 fata,

208 2160 313 2210 comm
323 2158 382 2209 sola
390 2159 449 2210 fuit.
478 2160 599 2210 Mentem
609 2162 663 2212 iam
675 2162 759 2212 verba
769 2166 893 2228 paratam

207 2228 374 2290 Destituunt,
385 2228 556 2296 blandaeque
565 2229 641 2280 iuvat
650 2236 765 2281 venttua
775 2227 929 2281 trahentem

208 2296 349 2364 indulgere
361 2312 463 2361 morae,
476 2304 504 2349 et
513 2304 621 2364 tempus
630 2298 783 2350 subducere
792 2297 865 2350 fetis.

207 2365 296 2416 Nocte
307 2366 357 2416 sub
369 2372 500 2429 extrema,
512 2366 590 2433 pulso
601 2372 714 2433 torpore
725 2368 834 2434 quietis,

146 2436 196 2485 135
207 2435 279 2484 Dum
289 2433 365 2485 fovet
376 2436 501 2502 amplexu
511 2434 652 2502 gravidum
665 2435 792 2487 Cornelia
801 2437 873 2487 euris

206 2504 316 2565 Paetus,
328 2510 356 2553 et
367 2505 454 2554 aversi
466 2504 535 2568 petit
547 2504 641 2554 oscula
651 2511 731 2572 gruta
740 2505 845 2555 mariti:

206 2573 357 2623 Humentes
368 2574 466 2622 mirate
476 2586 570 2639 genas,
581 2587 765 2640 percussaque
777 2587 862 2625 coeoo

207 2641 334 2703 Vulnere,
346 2657 400 2691 non
412 2640 494 2690 audet
506 2637 616 2692 flentem
627 2641 932 2710 deprendereMngnum

207 2710 253 2760 lile
265 2724 383 2776 gemens,
400 2709 463 2760 Vim
474 2727 527 2762 noo
538 2726 608 2763 nono
619 2709 685 2762 miti
697 2710 808 2771 desleior,
819 2711 915 2777 inquit,
