<?xml version="1.0" encoding="UTF-8"?>
<!DOCTYPE html PUBLIC "-//W3C//DTD XHTML 1.0 Transitional//EN"
    "http://www.w3.org/TR/xhtml1/DTD/xhtml1-transitional.dtd">
<html xmlns="http://www.w3.org/1999/xhtml" xml:lang="en" lang="en">
 <head>
  <title>
</title>
<meta http-equiv="Content-Type" content="text/html;charset=utf-8" />
  <meta name='ocr-system' content='tesseract 3.04.00' />
  <meta name='ocr-capabilities' content='ocr_page ocr_carea ocr_par ocr_line ocrx_word'/>
</head>
<body>
  <div class='ocr_page' id='page_1' title='image "./pharsaliacumind00lucagoog_0098.png"; bbox 0 0 1980 3074; ppageno 0'>
   <div class='ocr_carea' id='block_1_1' title="bbox 95 241 805 298">
    <p class='ocr_par' dir='ltr' id='par_1_1' title="bbox 95 241 805 298">
     <span class='ocr_line' id='line_1_1' title="bbox 95 241 805 298; baseline -0.007 0"><span class='ocrx_word' id='word_1_1' title='bbox 95 263 97 269; x_wconf 91' lang='lat'>·</span> <span class='ocrx_word' id='word_1_2' title='bbox 179 244 675 298; x_wconf 63' lang='lat' dir='ltr'><strong>Panasshla.l,113.1v.</strong></span> <span class='ocrx_word' id='word_1_3' title='bbox 760 241 805 293; x_wconf 69' lang='lat'><strong>80&#39;</strong></span> 
     </span>
    </p>
   </div>
   <div class='ocr_carea' id='block_1_2' title="bbox 58 362 887 2832">
    <p class='ocr_par' dir='ltr' id='par_1_2' title="bbox 58 362 857 1327">
     <span class='ocr_line' id='line_1_2' title="bbox 58 362 691 431; baseline -0.008 -14"><span class='ocrx_word' id='word_1_4' title='bbox 58 367 213 418; x_wconf 83' lang='lat' dir='ltr'><strong>Comminus</strong></span> <span class='ocrx_word' id='word_1_5' title='bbox 225 364 349 431; x_wconf 85' lang='lat' dir='ltr'><strong>obliquis,</strong></span> <span class='ocrx_word' id='word_1_6' title='bbox 360 371 388 414; x_wconf 85' lang='lat' dir='ltr'><strong>et</strong></span> <span class='ocrx_word' id='word_1_7' title='bbox 398 367 480 416; x_wconf 86' lang='lat' dir='ltr'><strong>rectis</strong></span> <span class='ocrx_word' id='word_1_8' title='bbox 491 365 595 416; x_wconf 89' lang='lat' dir='ltr'><strong>eminus</strong></span> <span class='ocrx_word' id='word_1_9' title='bbox 606 362 691 413; x_wconf 83' lang='lat' dir='ltr'><strong>hastis</strong></span> 
     </span>
     <span class='ocr_line' id='line_1_3' title="bbox 58 426 854 500; baseline -0.013 -14"><span class='ocrx_word' id='word_1_10' title='bbox 58 435 205 486; x_wconf 81' lang='lat' dir='ltr'><strong>Obruitur:</strong></span> <span class='ocrx_word' id='word_1_11' title='bbox 216 448 271 484; x_wconf 91' lang='lat' dir='ltr'><strong>non</strong></span> <span class='ocrx_word' id='word_1_12' title='bbox 280 432 443 494; x_wconf 80' lang='lat' dir='ltr'><strong>vulneribus,</strong></span> <span class='ocrx_word' id='word_1_13' title='bbox 453 448 504 485; x_wconf 88' lang='lat' dir='ltr'><strong>nec</strong></span> <span class='ocrx_word' id='word_1_14' title='bbox 516 434 655 500; x_wconf 87' lang='lat' dir='ltr'><strong>sanguine,</strong></span> <span class='ocrx_word' id='word_1_15' title='bbox 669 429 756 481; x_wconf 87' lang='lat' dir='ltr'><strong>solum</strong></span> <span class='ocrx_word' id='word_1_16' title='bbox 802 426 854 477; x_wconf 75' lang='lat' dir='ltr'><strong>&#39;lib</strong></span> 
     </span>
     <span class='ocr_line' id='line_1_4' title="bbox 62 499 694 569; baseline -0.008 -16"><span class='ocrx_word' id='word_1_17' title='bbox 62 504 195 553; x_wconf 80' lang='lat' dir='ltr'><strong>Telorum</strong></span> <span class='ocrx_word' id='word_1_18' title='bbox 205 501 296 552; x_wconf 83' lang='lat' dir='ltr'>nimbo</span> <span class='ocrx_word' id='word_1_19' title='bbox 307 502 436 568; x_wconf 85' lang='lat' dir='ltr'><strong>peritura,</strong></span> <span class='ocrx_word' id='word_1_20' title='bbox 447 516 480 553; x_wconf 87' lang='lat' dir='ltr'><strong>ac</strong></span> <span class='ocrx_word' id='word_1_21' title='bbox 490 501 610 569; x_wconf 87' lang='lat' dir='ltr'><strong>pondere</strong></span> <span class='ocrx_word' id='word_1_22' title='bbox 620 499 694 551; x_wconf 82' lang='lat' dir='ltr'><strong>ferri.</strong></span> 
     </span>
     <span class='ocr_line' id='line_1_5' title="bbox 62 567 768 639; baseline -0.01 -17"><span class='ocrx_word' id='word_1_23' title='bbox 62 573 137 639; x_wconf 82' lang='lat' dir='ltr'><strong>Ergo</strong></span> <span class='ocrx_word' id='word_1_24' title='bbox 149 573 222 621; x_wconf 85' lang='lat' dir='ltr'><strong>acies</strong></span> <span class='ocrx_word' id='word_1_25' title='bbox 233 576 327 621; x_wconf 85' lang='lat' dir='ltr'><strong>tautae</strong></span> <span class='ocrx_word' id='word_1_26' title='bbox 338 585 449 637; x_wconf 82' lang='lat' dir='ltr'><strong>parvum</strong></span> <span class='ocrx_word' id='word_1_27' title='bbox 461 572 614 638; x_wconf 79' lang='lat' dir='ltr'><strong>spissantur</strong></span> <span class='ocrx_word' id='word_1_28' title='bbox 621 570 650 618; x_wconf 92' lang='lat' dir='ltr'><strong>in</strong></span> <span class='ocrx_word' id='word_1_29' title='bbox 660 567 768 618; x_wconf 86' lang='lat' dir='ltr'><strong>orbem:</strong></span> 
     </span>
     <span class='ocr_line' id='line_1_6' title="bbox 62 639 778 706; baseline -0.007 -16"><span class='ocrx_word' id='word_1_30' title='bbox 62 643 109 702; x_wconf 65' lang='lat' dir='ltr'><strong>ilc,</strong></span> <span class='ocrx_word' id='word_1_31' title='bbox 121 642 144 691; x_wconf 88' lang='lat' dir='ltr'><strong>si</strong></span> <span class='ocrx_word' id='word_1_32' title='bbox 155 641 214 706; x_wconf 92' lang='lat' dir='ltr'><strong>quis</strong></span> <span class='ocrx_word' id='word_1_33' title='bbox 224 644 348 690; x_wconf 87' lang='lat' dir='ltr'><strong>metuens</strong></span> <span class='ocrx_word' id='word_1_34' title='bbox 359 639 477 690; x_wconf 88' lang='lat' dir='ltr'><strong>medium</strong></span> <span class='ocrx_word' id='word_1_35' title='bbox 487 639 623 705; x_wconf 78' lang='lat' dir='ltr'><strong>correpsit</strong></span> <span class='ocrx_word' id='word_1_36' title='bbox 633 639 661 686; x_wconf 87' lang='lat' dir='ltr'><strong>in</strong></span> <span class='ocrx_word' id='word_1_37' title='bbox 671 650 778 704; x_wconf 78' lang='lat' dir='ltr'><strong>agmen,</strong></span> 
     </span>
     <span class='ocr_line' id='line_1_7' title="bbox 63 708 669 775; baseline -0.01 -14"><span class='ocrx_word' id='word_1_38' title='bbox 63 710 117 761; x_wconf 83' lang='lat' dir='ltr'><strong>Vix</strong></span> <span class='ocrx_word' id='word_1_39' title='bbox 127 712 238 775; x_wconf 89' lang='lat' dir='ltr'><strong>impune</strong></span> <span class='ocrx_word' id='word_1_40' title='bbox 249 723 312 758; x_wconf 88' lang='lat' dir='ltr'><strong>suos</strong></span> <span class='ocrx_word' id='word_1_41' title='bbox 321 708 394 759; x_wconf 87' lang='lat' dir='ltr'><strong>inter</strong></span> <span class='ocrx_word' id='word_1_42' title='bbox 404 709 572 760; x_wconf 83' lang='lat' dir='ltr'><strong>convertitur</strong></span> <span class='ocrx_word' id='word_1_43' title='bbox 581 720 669 757; x_wconf 88' lang='lat' dir='ltr'><strong>enses.</strong></span> 
     </span>
     <span class='ocr_line' id='line_1_8' title="bbox 63 772 856 845; baseline -0.01 -16"><span class='ocrx_word' id='word_1_44' title='bbox 63 780 255 845; x_wconf 83' lang='lat' dir='ltr'><strong>Densaturque</strong></span> <span class='ocrx_word' id='word_1_45' title='bbox 266 775 372 844; x_wconf 79' lang='lat' dir='ltr'><strong>globus,</strong></span> <span class='ocrx_word' id='word_1_46' title='bbox 383 784 511 844; x_wconf 78' lang='lat' dir='ltr'><strong>quantum</strong></span> <span class='ocrx_word' id='word_1_47' title='bbox 524 776 594 844; x_wconf 86' lang='lat' dir='ltr'><strong>pede</strong></span> <span class='ocrx_word' id='word_1_48' title='bbox 605 776 693 842; x_wconf 81' lang='lat' dir='ltr'><strong>prima</strong></span> <span class='ocrx_word' id='word_1_49' title='bbox 702 774 790 824; x_wconf 81' lang='lat' dir='ltr'><strong>relato</strong></span> <span class='ocrx_word' id='word_1_50' title='bbox 805 772 856 821; x_wconf 76' lang='grc'><strong>180</strong></span> 
     </span>
     <span class='ocr_line' id='line_1_9' title="bbox 63 843 732 913; baseline -0.007 -15"><span class='ocrx_word' id='word_1_51' title='bbox 63 848 231 898; x_wconf 81' lang='lat' dir='ltr'><strong>Constrinxit</strong></span> <span class='ocrx_word' id='word_1_52' title='bbox 240 860 325 913; x_wconf 84' lang='lat' dir='ltr'><strong>gyros</strong></span> <span class='ocrx_word' id='word_1_53' title='bbox 336 847 418 898; x_wconf 86' lang='lat' dir='ltr'><strong>acies.</strong></span> <span class='ocrx_word' id='word_1_54' title='bbox 446 845 508 898; x_wconf 89' lang='lat' dir='ltr'><strong>Non</strong></span> <span class='ocrx_word' id='word_1_55' title='bbox 520 860 597 896; x_wconf 84' lang='lat' dir='ltr'><strong>arma</strong></span> <span class='ocrx_word' id='word_1_56' title='bbox 606 843 732 894; x_wconf 83' lang='lat' dir='ltr'><strong>movendi</strong></span> 
     </span>
     <span class='ocr_line' id='line_1_10' title="bbox 63 912 835 984; baseline -0.012 -18"><span class='ocrx_word' id='word_1_57' title='bbox 63 918 120 966; x_wconf 87' lang='lat' dir='ltr'><strong>lam</strong></span> <span class='ocrx_word' id='word_1_58' title='bbox 131 916 208 966; x_wconf 88' lang='lat' dir='ltr'><strong>locus</strong></span> <span class='ocrx_word' id='word_1_59' title='bbox 219 921 262 966; x_wconf 86' lang='lat' dir='ltr'><strong>est</strong></span> <span class='ocrx_word' id='word_1_60' title='bbox 272 916 384 983; x_wconf 78' lang='lat' dir='ltr'><strong>pressis:</strong></span> <span class='ocrx_word' id='word_1_61' title='bbox 403 918 558 984; x_wconf 80' lang='lat' dir='ltr'><strong>stipataque</strong></span> <span class='ocrx_word' id='word_1_62' title='bbox 568 912 693 964; x_wconf 85' lang='lat' dir='ltr'><strong>membra</strong></span> <span class='ocrx_word' id='word_1_63' title='bbox 698 915 835 962; x_wconf 88' lang='lat' dir='ltr'><strong>teruntur:</strong></span> 
     </span>
     <span class='ocr_line' id='line_1_11' title="bbox 62 986 697 1053; baseline -0.008 -17"><span class='ocrx_word' id='word_1_64' title='bbox 62 986 208 1052; x_wconf 88' lang='lat' dir='ltr'><strong>Frangitur</strong></span> <span class='ocrx_word' id='word_1_65' title='bbox 218 990 353 1034; x_wconf 82' lang='lat' dir='ltr'><strong>armatum</strong></span> <span class='ocrx_word' id='word_1_66' title='bbox 365 986 459 1037; x_wconf 87' lang='lat' dir='ltr'><strong>colliso</strong></span> <span class='ocrx_word' id='word_1_67' title='bbox 469 993 582 1053; x_wconf 88' lang='lat' dir='ltr'><strong>pectore</strong></span> <span class='ocrx_word' id='word_1_68' title='bbox 593 989 697 1050; x_wconf 85' lang='lat' dir='ltr'><strong>pectus.</strong></span> 
     </span>
     <span class='ocr_line' id='line_1_12' title="bbox 62 1053 744 1122; baseline -0.006 -18"><span class='ocrx_word' id='word_1_69' title='bbox 62 1053 123 1104; x_wconf 92' lang='lat' dir='ltr'><strong>Non</strong></span> <span class='ocrx_word' id='word_1_70' title='bbox 134 1060 190 1104; x_wconf 91' lang='lat' dir='ltr'><strong>tam</strong></span> <span class='ocrx_word' id='word_1_71' title='bbox 200 1053 274 1104; x_wconf 82' lang='lat' dir='ltr'><strong>laeta</strong></span> <span class='ocrx_word' id='word_1_72' title='bbox 284 1053 346 1104; x_wconf 86' lang='lat' dir='ltr'><strong>tulit</strong></span> <span class='ocrx_word' id='word_1_73' title='bbox 355 1055 443 1106; x_wconf 80' lang='lat' dir='ltr'><strong>victor</strong></span> <span class='ocrx_word' id='word_1_74' title='bbox 454 1053 612 1122; x_wconf 76' lang='lat' dir='ltr'><strong>spectacula</strong></span> <span class='ocrx_word' id='word_1_75' title='bbox 622 1053 744 1110; x_wconf 85' lang='lat' dir='ltr'><strong>Maurus,</strong></span> 
     </span>
     <span class='ocr_line' id='line_1_13' title="bbox 64 1114 857 1188; baseline -0.006 -15"><span class='ocrx_word' id='word_1_76' title='bbox 64 1124 150 1183; x_wconf 78' lang='lat' dir='ltr'><strong>Quam</strong></span> <span class='ocrx_word' id='word_1_77' title='bbox 163 1121 273 1174; x_wconf 85' lang='lat' dir='ltr'><strong>fortuna</strong></span> <span class='ocrx_word' id='word_1_78' title='bbox 283 1122 378 1173; x_wconf 79' lang='lat' dir='ltr'><strong>dabatr</strong></span> <span class='ocrx_word' id='word_1_79' title='bbox 389 1122 485 1174; x_wconf 80' lang='lat' dir='ltr'><strong>tluvio&#39;s</strong></span> <span class='ocrx_word' id='word_1_80' title='bbox 497 1123 606 1188; x_wconf 66' lang='lat' dir='ltr'><strong>nonjille</strong></span> <span class='ocrx_word' id='word_1_81' title='bbox 618 1121 733 1179; x_wconf 85' lang='lat' dir='ltr'><strong>cruoris,</strong></span> <span class='ocrx_word' id='word_1_82' title='bbox 807 1114 857 1164; x_wconf 69' lang='grc'><strong>185</strong></span> 
     </span>
     <span class='ocr_line' id='line_1_14' title="bbox 63 1190 800 1258; baseline -0.012 -17"><span class='ocrx_word' id='word_1_83' title='bbox 63 1191 302 1257; x_wconf 87' lang='lat' dir='ltr'><strong>Membrorumque</strong></span> <span class='ocrx_word' id='word_1_84' title='bbox 312 1191 388 1242; x_wconf 79' lang='lat' dir='ltr'><strong>videt</strong></span> <span class='ocrx_word' id='word_1_85' title='bbox 396 1193 511 1258; x_wconf 85' lang='lat' dir='ltr'><strong>lapsum,</strong></span> <span class='ocrx_word' id='word_1_86' title='bbox 523 1199 552 1242; x_wconf 91' lang='lat' dir='ltr'><strong>et</strong></span> <span class='ocrx_word' id='word_1_87' title='bbox 561 1190 688 1241; x_wconf 82' lang='lat' dir='ltr'><strong>ferientia</strong></span> <span class='ocrx_word' id='word_1_88' title='bbox 699 1193 800 1236; x_wconf 86' lang='lat' dir='ltr'><strong>terram</strong></span> 
     </span>
     <span class='ocr_line' id='line_1_15' title="bbox 66 1254 811 1327; baseline -0.012 -18"><span class='ocrx_word' id='word_1_89' title='bbox 66 1262 201 1326; x_wconf 86' lang='lat' dir='ltr'><strong>Corpora:</strong></span> <span class='ocrx_word' id='word_1_90' title='bbox 214 1273 400 1324; x_wconf 88' lang='lat' dir='ltr'><strong>compressum</strong></span> <span class='ocrx_word' id='word_1_91' title='bbox 410 1261 492 1310; x_wconf 84' lang='lat' dir='ltr'><strong>turbe</strong></span> <span class='ocrx_word' id='word_1_92' title='bbox 501 1261 579 1310; x_wconf 85' lang='lat' dir='ltr'><strong>stetit</strong></span> <span class='ocrx_word' id='word_1_93' title='bbox 591 1271 670 1308; x_wconf 91' lang='lat' dir='ltr'><strong>omne</strong></span> <span class='ocrx_word' id='word_1_94' title='bbox 682 1254 811 1327; x_wconf 21' lang='lat' dir='ltr'><strong>cadaver.</strong></span> 
     </span>
    </p>

    <p class='ocr_par' dir='ltr' id='par_1_3' title="bbox 65 1325 862 2081">
     <span class='ocr_line' id='line_1_16' title="bbox 116 1325 812 1394; baseline -0.013 -16"><span class='ocrx_word' id='word_1_95' title='bbox 116 1329 227 1378; x_wconf 82' lang='lat' dir='ltr'><strong>Excitet</strong></span> <span class='ocrx_word' id='word_1_96' title='bbox 236 1328 337 1391; x_wconf 65' lang='lat' dir='ltr'><strong>inrisu</strong></span> <span class='ocrx_word' id='word_1_97' title='bbox 347 1328 422 1378; x_wconf 87' lang='lat' dir='ltr'><strong>dirae</strong></span> <span class='ocrx_word' id='word_1_98' title='bbox 435 1327 606 1394; x_wconf 84' lang='lat' dir='ltr'><strong>Carthaginis</strong></span> <span class='ocrx_word' id='word_1_99' title='bbox 616 1325 726 1375; x_wconf 84' lang='lat' dir='ltr'><strong>umbras</strong></span> <span class='ocrx_word' id='word_1_100' title='bbox 781 1348 784 1353; x_wconf 79' lang='lat'><em>,</em></span> <span class='ocrx_word' id='word_1_101' title='bbox 809 1332 812 1343; x_wconf 86' lang='lat'><strong>·</strong></span> 
     </span>
     <span class='ocr_line' id='line_1_17' title="bbox 65 1395 683 1446; baseline -0.008 0"><span class='ocrx_word' id='word_1_102' title='bbox 65 1395 172 1446; x_wconf 81' lang='lat' dir='ltr'><strong>inferiis</strong></span> <span class='ocrx_word' id='word_1_103' title='bbox 185 1395 297 1446; x_wconf 85' lang='lat' dir='ltr'><strong>fortuna</strong></span> <span class='ocrx_word' id='word_1_104' title='bbox 306 1397 396 1446; x_wconf 84' lang='lat' dir='ltr'><strong>noris:</strong></span> <span class='ocrx_word' id='word_1_105' title='bbox 409 1396 481 1446; x_wconf 81' lang='lat' dir='ltr'><strong>ferat</strong></span> <span class='ocrx_word' id='word_1_106' title='bbox 489 1397 544 1446; x_wconf 83' lang='lat' dir='ltr'><strong>ists</strong></span> <span class='ocrx_word' id='word_1_107' title='bbox 555 1398 683 1445; x_wconf 87' lang='lat' dir='ltr'><strong>cruentus</strong></span> 
     </span>
     <span class='ocr_line' id='line_1_18' title="bbox 68 1457 862 1530; baseline -0.013 -16"><span class='ocrx_word' id='word_1_108' title='bbox 68 1463 206 1514; x_wconf 83' lang='lat' dir='ltr'><strong>Hannibal</strong></span> <span class='ocrx_word' id='word_1_109' title='bbox 217 1470 244 1512; x_wconf 87' lang='lat' dir='ltr'><strong>et</strong></span> <span class='ocrx_word' id='word_1_110' title='bbox 256 1463 342 1512; x_wconf 89' lang='lat' dir='ltr'><strong>Poeni</strong></span> <span class='ocrx_word' id='word_1_111' title='bbox 352 1469 407 1513; x_wconf 91' lang='lat' dir='ltr'><strong>tam</strong></span> <span class='ocrx_word' id='word_1_112' title='bbox 419 1464 478 1513; x_wconf 92' lang='lat' dir='ltr'><strong>dira</strong></span> <span class='ocrx_word' id='word_1_113' title='bbox 489 1463 598 1530; x_wconf 86' lang='lat' dir='ltr'><strong>piacula</strong></span> <span class='ocrx_word' id='word_1_114' title='bbox 608 1475 710 1517; x_wconf 83' lang='lat' dir='ltr'><strong>manes.</strong></span> <span class='ocrx_word' id='word_1_115' title='bbox 813 1457 862 1505; x_wconf 65' lang='lat'><strong>790</strong></span> 
     </span>
     <span class='ocr_line' id='line_1_19' title="bbox 66 1531 682 1598; baseline 0.002 -15"><span class='ocrx_word' id='word_1_116' title='bbox 66 1534 229 1592; x_wconf 83' lang='lat' dir='ltr'><strong>Romanam,</strong></span> <span class='ocrx_word' id='word_1_117' title='bbox 241 1531 341 1596; x_wconf 90' lang='lat' dir='ltr'><strong>superi,</strong></span> <span class='ocrx_word' id='word_1_118' title='bbox 353 1531 460 1598; x_wconf 83' lang='lat' dir='ltr'><strong>Libyca</strong></span> <span class='ocrx_word' id='word_1_119' title='bbox 469 1531 565 1583; x_wconf 91' lang='lat' dir='ltr'><strong>tellure</strong></span> <span class='ocrx_word' id='word_1_120' title='bbox 577 1532 682 1584; x_wconf 84' lang='lat' dir='ltr'><strong>ruinam</strong></span> 
     </span>
     <span class='ocr_line' id='line_1_20' title="bbox 66 1598 702 1668; baseline -0.002 -17"><span class='ocrx_word' id='word_1_121' title='bbox 66 1601 199 1666; x_wconf 88' lang='lat' dir='ltr'><strong>Pompeio</strong></span> <span class='ocrx_word' id='word_1_122' title='bbox 211 1598 342 1666; x_wconf 87' lang='lat' dir='ltr'><strong>prodesse</strong></span> <span class='ocrx_word' id='word_1_123' title='bbox 353 1600 438 1663; x_wconf 83' lang='lat' dir='ltr'><strong>nelos,</strong></span> <span class='ocrx_word' id='word_1_124' title='bbox 449 1602 574 1668; x_wconf 82' lang='lat' dir='ltr'><strong>votisque</strong></span> <span class='ocrx_word' id='word_1_125' title='bbox 584 1608 702 1652; x_wconf 83' lang='lat' dir='ltr'><strong>senatus.</strong></span> 
     </span>
     <span class='ocr_line' id='line_1_21' title="bbox 67 1668 698 1733; baseline 0.005 -14"><span class='ocrx_word' id='word_1_126' title='bbox 67 1668 160 1719; x_wconf 80' lang='lat' dir='ltr'><strong>Africa</strong></span> <span class='ocrx_word' id='word_1_127' title='bbox 170 1684 220 1718; x_wconf 92' lang='lat' dir='ltr'><strong>nos</strong></span> <span class='ocrx_word' id='word_1_128' title='bbox 231 1669 322 1733; x_wconf 89' lang='lat' dir='ltr'><strong>potius</strong></span> <span class='ocrx_word' id='word_1_129' title='bbox 332 1671 425 1722; x_wconf 81' lang='lat' dir='ltr'><strong>vincat</strong></span> <span class='ocrx_word' id='word_1_130' title='bbox 435 1669 493 1721; x_wconf 88' lang='lat' dir='ltr'><strong>sibi.</strong></span> <span class='ocrx_word' id='word_1_131' title='bbox 531 1669 611 1733; x_wconf 84' lang='lat' dir='ltr'><strong>Curio</strong></span> <span class='ocrx_word' id='word_1_132' title='bbox 624 1669 698 1722; x_wconf 82' lang='lat' dir='ltr'><strong>susas</strong></span> 
     </span>
     <span class='ocr_line' id='line_1_22' title="bbox 67 1738 651 1802; baseline 0 -12"><span class='ocrx_word' id='word_1_133' title='bbox 67 1739 103 1790; x_wconf 88' lang='lat' dir='ltr'><strong>Ut</strong></span> <span class='ocrx_word' id='word_1_134' title='bbox 114 1738 181 1788; x_wconf 89' lang='lat' dir='ltr'><strong>vidit</strong></span> <span class='ocrx_word' id='word_1_135' title='bbox 192 1738 295 1802; x_wconf 86' lang='lat' dir='ltr'><strong>campis</strong></span> <span class='ocrx_word' id='word_1_136' title='bbox 305 1739 387 1801; x_wconf 86' lang='lat' dir='ltr'><strong>acies,</strong></span> <span class='ocrx_word' id='word_1_137' title='bbox 401 1745 429 1790; x_wconf 90' lang='lat' dir='ltr'><strong>et</strong></span> <span class='ocrx_word' id='word_1_138' title='bbox 441 1753 553 1790; x_wconf 89' lang='lat' dir='ltr'><strong>cernere</strong></span> <span class='ocrx_word' id='word_1_139' title='bbox 561 1745 651 1790; x_wconf 87' lang='lat' dir='ltr'><strong>tantas</strong></span> 
     </span>
     <span class='ocr_line' id='line_1_23' title="bbox 66 1806 862 1876; baseline 0 -18"><span class='ocrx_word' id='word_1_140' title='bbox 66 1808 193 1858; x_wconf 86' lang='lat' dir='ltr'><strong>Permisit</strong></span> <span class='ocrx_word' id='word_1_141' title='bbox 205 1806 296 1858; x_wconf 84' lang='lat' dir='ltr'><strong>clades</strong></span> <span class='ocrx_word' id='word_1_142' title='bbox 308 1822 480 1875; x_wconf 85' lang='lat' dir='ltr'><strong>compressus</strong></span> <span class='ocrx_word' id='word_1_143' title='bbox 490 1809 620 1876; x_wconf 83' lang='lat' dir='ltr'><strong>sanguine</strong></span> <span class='ocrx_word' id='word_1_144' title='bbox 630 1809 725 1875; x_wconf 70' lang='lat' dir='ltr'><strong>pultis,</strong></span> <span class='ocrx_word' id='word_1_145' title='bbox 812 1810 862 1859; x_wconf 68' lang='lat'><strong>795</strong></span> 
     </span>
     <span class='ocr_line' id='line_1_24' title="bbox 65 1873 811 1943; baseline 0.005 -17"><span class='ocrx_word' id='word_1_146' title='bbox 65 1875 127 1926; x_wconf 83' lang='lat' dir='ltr'><strong>Non</strong></span> <span class='ocrx_word' id='word_1_147' title='bbox 138 1876 199 1940; x_wconf 85' lang='lat' dir='ltr'><strong>tulit</strong></span> <span class='ocrx_word' id='word_1_148' title='bbox 208 1873 325 1927; x_wconf 87' lang='lat' dir='ltr'><strong>adflictis</strong></span> <span class='ocrx_word' id='word_1_149' title='bbox 337 1878 454 1928; x_wconf 89' lang='lat' dir='ltr'><strong>animam</strong></span> <span class='ocrx_word' id='word_1_150' title='bbox 466 1877 618 1943; x_wconf 87' lang='lat' dir='ltr'><strong>producere</strong></span> <span class='ocrx_word' id='word_1_151' title='bbox 628 1879 718 1938; x_wconf 87' lang='lat' dir='ltr'><strong>rebus,</strong></span> <span class='ocrx_word' id='word_1_152' title='bbox 808 1915 811 1921; x_wconf 82' lang='lat'>·</span> 
     </span>
     <span class='ocr_line' id='line_1_25' title="bbox 65 1942 786 2015; baseline 0.003 -20"><span class='ocrx_word' id='word_1_153' title='bbox 65 1947 119 1995; x_wconf 77' lang='lat' dir='ltr'><strong>Aut</strong></span> <span class='ocrx_word' id='word_1_154' title='bbox 128 1959 240 2011; x_wconf 87' lang='lat' dir='ltr'><strong>sperare</strong></span> <span class='ocrx_word' id='word_1_155' title='bbox 252 1942 358 2013; x_wconf 85' lang='lat' dir='ltr'><strong>fugam:</strong></span> <span class='ocrx_word' id='word_1_156' title='bbox 370 1946 523 2013; x_wconf 86' lang='lat' dir='ltr'><strong>ceciditque</strong></span> <span class='ocrx_word' id='word_1_157' title='bbox 533 1946 561 1995; x_wconf 90' lang='lat' dir='ltr'><strong>in</strong></span> <span class='ocrx_word' id='word_1_158' title='bbox 572 1952 664 2015; x_wconf 84' lang='lat' dir='ltr'><strong>strage</strong></span> <span class='ocrx_word' id='word_1_159' title='bbox 676 1962 786 1998; x_wconf 89' lang='lat' dir='ltr'><strong>suorum</strong></span> 
     </span>
     <span class='ocr_line' id='line_1_26' title="bbox 65 2013 687 2081; baseline 0.005 -18"><span class='ocrx_word' id='word_1_160' title='bbox 65 2014 184 2081; x_wconf 82' lang='lat' dir='ltr'><strong>impiger</strong></span> <span class='ocrx_word' id='word_1_161' title='bbox 194 2013 228 2063; x_wconf 89' lang='lat' dir='ltr'><strong>ad</strong></span> <span class='ocrx_word' id='word_1_162' title='bbox 239 2013 332 2075; x_wconf 84' lang='lat' dir='ltr'><strong>letum,</strong></span> <span class='ocrx_word' id='word_1_163' title='bbox 344 2021 372 2065; x_wconf 90' lang='lat' dir='ltr'><strong>et</strong></span> <span class='ocrx_word' id='word_1_164' title='bbox 381 2013 461 2066; x_wconf 82' lang='lat' dir='ltr'><strong>fortis</strong></span> <span class='ocrx_word' id='word_1_165' title='bbox 471 2015 571 2077; x_wconf 86' lang='lat' dir='ltr'><strong>virtute</strong></span> <span class='ocrx_word' id='word_1_166' title='bbox 580 2022 687 2066; x_wconf 83' lang='lat' dir='ltr'><strong>coacta.</strong></span> 
     </span>
    </p>

    <p class='ocr_par' dir='ltr' id='par_1_4' title="bbox 119 2081 802 2150">
     <span class='ocr_line' id='line_1_27' title="bbox 119 2081 802 2150; baseline 0.003 -19"><span class='ocrx_word' id='word_1_167' title='bbox 119 2081 189 2142; x_wconf 73' lang='lat' dir='ltr'><strong>Quid</strong></span> <span class='ocrx_word' id='word_1_168' title='bbox 200 2096 271 2131; x_wconf 89' lang='lat' dir='ltr'><strong>nune</strong></span> <span class='ocrx_word' id='word_1_169' title='bbox 281 2090 372 2134; x_wconf 89' lang='lat' dir='ltr'><strong>rostra</strong></span> <span class='ocrx_word' id='word_1_170' title='bbox 381 2083 429 2133; x_wconf 89' lang='lat' dir='ltr'><strong>tibi</strong></span> <span class='ocrx_word' id='word_1_171' title='bbox 441 2090 555 2150; x_wconf 88' lang='lat' dir='ltr'><strong>prosunt</strong></span> <span class='ocrx_word' id='word_1_172' title='bbox 565 2085 690 2146; x_wconf 88' lang='lat' dir='ltr'><strong>turbata,</strong></span> <span class='ocrx_word' id='word_1_173' title='bbox 700 2083 802 2135; x_wconf 84' lang='lat' dir='ltr'><strong>forum-</strong></span> 
     </span>
    </p>

    <p class='ocr_par' dir='ltr' id='par_1_5' title="bbox 561 2168 603 2213">
     <span class='ocr_line' id='line_1_28' title="bbox 561 2168 603 2213; baseline 0.024 -11"><span class='ocrx_word' id='word_1_174' title='bbox 561 2168 603 2213; x_wconf 87' lang='lat' dir='ltr'><strong>ue,</strong></span> 
     </span>
    </p>

    <p class='ocr_par' dir='ltr' id='par_1_6' title="bbox 67 2169 887 2832">
     <span class='ocr_line' id='line_1_29' title="bbox 67 2169 868 2288; baseline -0.002 -18"><span class='ocrx_word' id='word_1_175' title='bbox 67 2219 145 2270; x_wconf 87' lang='lat' dir='ltr'><strong>Unde</strong></span> <span class='ocrx_word' id='word_1_176' title='bbox 157 2219 301 2269; x_wconf 90' lang='lat' dir='ltr'><strong>tribunicia</strong></span> <span class='ocrx_word' id='word_1_177' title='bbox 312 2218 432 2285; x_wconf 82' lang='lat' dir='ltr'><strong>plebeius</strong></span> <span class='ocrx_word' id='word_1_178' title='bbox 443 2169 560 2288; x_wconf 59' lang='lat' dir='ltr'><strong>signifed</strong></span> <span class='ocrx_word' id='word_1_179' title='bbox 567 2235 630 2271; x_wconf 87' lang='lat' dir='ltr'><strong>arce</strong></span> <span class='ocrx_word' id='word_1_180' title='bbox 715 2251 718 2255; x_wconf 91' lang='lat'><em>-</em></span> <span class='ocrx_word' id='word_1_181' title='bbox 813 2221 868 2270; x_wconf 70' lang='lat'><strong>80⁰</strong></span> 
     </span>
     <span class='ocr_line' id='line_1_30' title="bbox 67 2285 867 2355; baseline -0.009 -16"><span class='ocrx_word' id='word_1_182' title='bbox 67 2289 152 2339; x_wconf 79' lang='lat' dir='ltr'><strong>Arma</strong></span> <span class='ocrx_word' id='word_1_183' title='bbox 161 2286 247 2338; x_wconf 82' lang='lat' dir='ltr'><strong>dabas</strong></span> <span class='ocrx_word' id='word_1_184' title='bbox 258 2285 384 2353; x_wconf 74' lang='lat' dir='ltr'><strong>populisl</strong></span> <span class='ocrx_word' id='word_1_185' title='bbox 402 2287 465 2354; x_wconf 92' lang='lat' dir='ltr'><strong>quid</strong></span> <span class='ocrx_word' id='word_1_186' title='bbox 477 2289 786 2355; x_wconf 87' lang='lat' dir='ltr'><strong>proditaiurasenatus,</strong></span> <span class='ocrx_word' id='word_1_187' title='bbox 839 2299 841 2304; x_wconf 93' lang='lat'>·</span> <span class='ocrx_word' id='word_1_188' title='bbox 866 2329 867 2332; x_wconf 76' lang='grc'>,</span> 
     </span>
     <span class='ocr_line' id='line_1_31' title="bbox 67 2351 871 2425; baseline -0.005 -17"><span class='ocrx_word' id='word_1_189' title='bbox 67 2359 105 2408; x_wconf 86' lang='lat' dir='ltr'><strong>Et</strong></span> <span class='ocrx_word' id='word_1_190' title='bbox 115 2371 201 2425; x_wconf 78' lang='lat' dir='ltr'><strong>gener</strong></span> <span class='ocrx_word' id='word_1_191' title='bbox 214 2361 295 2423; x_wconf 84' lang='lat' dir='ltr'><strong>atquc</strong></span> <span class='ocrx_word' id='word_1_192' title='bbox 306 2370 386 2407; x_wconf 89' lang='lat' dir='ltr'><strong>socer</strong></span> <span class='ocrx_word' id='word_1_193' title='bbox 394 2355 465 2407; x_wconf 86' lang='lat' dir='ltr'><strong>bello</strong></span> <span class='ocrx_word' id='word_1_194' title='bbox 477 2372 641 2408; x_wconf 83' lang='lat' dir='ltr'><strong>concurrere</strong></span> <span class='ocrx_word' id='word_1_195' title='bbox 652 2354 734 2407; x_wconf 70' lang='lat' dir='ltr'><strong>iussit</strong></span> <span class='ocrx_word' id='word_1_196' title='bbox 868 2351 871 2357; x_wconf 87' lang='grc'><strong>’</strong></span> 
     </span>
     <span class='ocr_line' id='line_1_32' title="bbox 67 2423 770 2491; baseline -0.001 -16"><span class='ocrx_word' id='word_1_197' title='bbox 67 2427 136 2476; x_wconf 78' lang='lat' dir='ltr'><strong>Ante</strong></span> <span class='ocrx_word' id='word_1_198' title='bbox 147 2426 232 2487; x_wconf 84' lang='lat' dir='ltr'><strong>iaces,</strong></span> <span class='ocrx_word' id='word_1_199' title='bbox 245 2439 326 2491; x_wconf 91' lang='lat' dir='ltr'><strong>quam</strong></span> <span class='ocrx_word' id='word_1_200' title='bbox 337 2424 396 2475; x_wconf 87' lang='lat' dir='ltr'><strong>dira</strong></span> <span class='ocrx_word' id='word_1_201' title='bbox 406 2425 489 2477; x_wconf 88' lang='lat' dir='ltr'><strong>duces</strong></span> <span class='ocrx_word' id='word_1_202' title='bbox 500 2424 643 2477; x_wconf 84' lang='lat' dir='ltr'><strong>Pharsalia</strong></span> <span class='ocrx_word' id='word_1_203' title='bbox 654 2423 770 2485; x_wconf 85' lang='lat' dir='ltr'><strong>confert,</strong></span> 
     </span>
     <span class='ocr_line' id='line_1_33' title="bbox 69 2493 875 2562; baseline -0.005 -16"><span class='ocrx_word' id='word_1_204' title='bbox 69 2494 311 2562; x_wconf 80' lang='lat' dir='ltr'><strong>Spectandumque</strong></span> <span class='ocrx_word' id='word_1_205' title='bbox 318 2494 368 2545; x_wconf 88' lang='lat' dir='ltr'><strong>tibi</strong></span> <span class='ocrx_word' id='word_1_206' title='bbox 378 2493 480 2545; x_wconf 88' lang='lat' dir='ltr'><strong>bellum</strong></span> <span class='ocrx_word' id='word_1_207' title='bbox 490 2495 567 2545; x_wconf 81' lang='lat' dir='ltr'><strong>civile</strong></span> <span class='ocrx_word' id='word_1_208' title='bbox 580 2499 709 2562; x_wconf 86' lang='lat' dir='ltr'><strong>negatum</strong></span> <span class='ocrx_word' id='word_1_209' title='bbox 720 2499 771 2544; x_wconf 87' lang='lat' dir='ltr'><strong>est.</strong></span> <span class='ocrx_word' id='word_1_210' title='bbox 852 2522 854 2526; x_wconf 56' lang='lat'>&gt;</span> <span class='ocrx_word' id='word_1_211' title='bbox 870 2497 875 2507; x_wconf 82' lang='lat'><em>&#39;</em></span> 
     </span>
     <span class='ocr_line' id='line_1_34' title="bbox 71 2561 884 2631; baseline -0.001 -16"><span class='ocrx_word' id='word_1_212' title='bbox 71 2564 130 2615; x_wconf 81' lang='lat' dir='ltr'><strong>lios</strong></span> <span class='ocrx_word' id='word_1_213' title='bbox 141 2562 201 2615; x_wconf 91' lang='lat' dir='ltr'><strong>urbi</strong></span> <span class='ocrx_word' id='word_1_214' title='bbox 213 2563 328 2614; x_wconf 83' lang='lat' dir='ltr'><strong>miserae</strong></span> <span class='ocrx_word' id='word_1_215' title='bbox 339 2569 432 2614; x_wconf 80' lang='lat' dir='ltr'><strong>vestro</strong></span> <span class='ocrx_word' id='word_1_216' title='bbox 444 2562 477 2613; x_wconf 86' lang='lat' dir='ltr'><strong>de</strong></span> <span class='ocrx_word' id='word_1_217' title='bbox 489 2565 620 2631; x_wconf 84' lang='lat' dir='ltr'><strong>sanguine</strong></span> <span class='ocrx_word' id='word_1_218' title='bbox 627 2577 733 2630; x_wconf 65' lang='lat' dir='ltr'><strong>&gt;poenas</strong></span> <span class='ocrx_word' id='word_1_219' title='bbox 791 2581 793 2585; x_wconf 95' lang='lat'>·</span> <span class='ocrx_word' id='word_1_220' title='bbox 816 2561 866 2610; x_wconf 79' lang='lat'><strong>805</strong></span> <span class='ocrx_word' id='word_1_221' title='bbox 882 2609 884 2614; x_wconf 85' lang='lat'><em>.</em></span> 
     </span>
     <span class='ocr_line' id='line_1_35' title="bbox 70 2631 887 2699; baseline -0.002 -17"><span class='ocrx_word' id='word_1_222' title='bbox 70 2631 175 2698; x_wconf 84' lang='lat' dir='ltr'><strong>Nempe</strong></span> <span class='ocrx_word' id='word_1_223' title='bbox 186 2632 271 2682; x_wconf 84' lang='lat' dir='ltr'><strong>datis:</strong></span> <span class='ocrx_word' id='word_1_224' title='bbox 283 2631 357 2683; x_wconf 85' lang='lat' dir='ltr'><strong>luitis</strong></span> <span class='ocrx_word' id='word_1_225' title='bbox 365 2631 460 2699; x_wconf 88' lang='lat' dir='ltr'><strong>iugulo</strong></span> <span class='ocrx_word' id='word_1_226' title='bbox 471 2633 511 2682; x_wconf 89' lang='lat' dir='ltr'><strong>sie</strong></span> <span class='ocrx_word' id='word_1_227' title='bbox 522 2647 607 2693; x_wconf 88' lang='lat' dir='ltr'><strong>arma,</strong></span> <span class='ocrx_word' id='word_1_228' title='bbox 618 2631 763 2699; x_wconf 75' lang='lat' dir='ltr'><strong>potentesl</strong></span> <span class='ocrx_word' id='word_1_229' title='bbox 885 2683 887 2687; x_wconf 56' lang='grc'>,</span> 
     </span>
     <span class='ocr_line' id='line_1_36' title="bbox 70 2699 876 2768; baseline -0.006 -16"><span class='ocrx_word' id='word_1_230' title='bbox 70 2700 148 2753; x_wconf 77' lang='lat' dir='ltr'><strong>Felix</strong></span> <span class='ocrx_word' id='word_1_231' title='bbox 156 2701 245 2753; x_wconf 85' lang='lat' dir='ltr'><strong>Roma</strong></span> <span class='ocrx_word' id='word_1_232' title='bbox 254 2700 372 2768; x_wconf 88' lang='lat' dir='ltr'><strong>quidem,</strong></span> <span class='ocrx_word' id='word_1_233' title='bbox 384 2701 511 2767; x_wconf 82' lang='lat' dir='ltr'><strong>civesque</strong></span> <span class='ocrx_word' id='word_1_234' title='bbox 521 2699 649 2753; x_wconf 88' lang='lat' dir='ltr'><strong>habitura</strong></span> <span class='ocrx_word' id='word_1_235' title='bbox 656 2699 762 2760; x_wconf 81' lang='lat' dir='ltr'><strong>beatos,</strong></span> <span class='ocrx_word' id='word_1_236' title='bbox 803 2738 811 2748; x_wconf 54' lang='grc'><strong>,,</strong></span> <span class='ocrx_word' id='word_1_237' title='bbox 832 2722 834 2728; x_wconf 54' lang='lat'><em>2</em></span> <span class='ocrx_word' id='word_1_238' title='bbox 853 2744 856 2749; x_wconf 13' lang='grc' dir='ltr'><em>Α</em></span> <span class='ocrx_word' id='word_1_239' title='bbox 875 2744 876 2747; x_wconf 74' lang='grc'>,</span> 
     </span>
     <span class='ocr_line' id='line_1_37' title="bbox 71 2766 748 2832; baseline -0.013 -12"><span class='ocrx_word' id='word_1_240' title='bbox 71 2766 101 2820; x_wconf 74' lang='lat' dir='ltr'><strong>Sl</strong></span> <span class='ocrx_word' id='word_1_241' title='bbox 109 2766 245 2820; x_wconf 76' lang='lat' dir='ltr'><strong>libertatis</strong></span> <span class='ocrx_word' id='word_1_242' title='bbox 255 2770 361 2832; x_wconf 86' lang='lat' dir='ltr'><strong>superis</strong></span> <span class='ocrx_word' id='word_1_243' title='bbox 371 2774 427 2819; x_wconf 82' lang='lat' dir='ltr'><strong>tarn</strong></span> <span class='ocrx_word' id='word_1_244' title='bbox 441 2783 506 2819; x_wconf 85' lang='lat' dir='ltr'><strong>cura</strong></span> <span class='ocrx_word' id='word_1_245' title='bbox 516 2769 646 2832; x_wconf 73' lang='lat' dir='ltr'><strong>placeret,</strong></span> <span class='ocrx_word' id='word_1_246' title='bbox 674 2806 676 2810; x_wconf 17' lang='grc' dir='ltr'><em>Α</em></span> <span class='ocrx_word' id='word_1_247' title='bbox 745 2804 748 2811; x_wconf 97' lang='grc'>.</span> 
     </span>
    </p>
   </div>
   <div class='ocr_carea' id='block_1_3' title="bbox 0 0 1005 3074">
    <p class='ocr_par' dir='ltr' id='par_1_7' title="bbox 0 0 1005 3074">
     <span class='ocr_line' id='line_1_38' title="bbox 0 0 1005 3074; baseline 0 0"><span class='ocrx_word' id='word_1_248' title='bbox 0 0 1005 3074; x_wconf 95' lang='lat' dir='ltr'><strong> </strong></span> 
     </span>
    </p>
   </div>
  </div>
 </body>
</html>
