1980 3074
107 143 114 184 ³
212 183 245 232 54
380 179 773 232 mattutfflcattl

213 300 283 351 Urbe
289 303 395 366 procul,
405 299 556 364 neutrisque
566 299 630 350 velit
641 307 668 350 te
678 299 785 350 eredere
795 300 889 359 aruris,

209 369 383 435 Excludique
392 369 474 430 rinae,
486 367 600 418 admitto
615 366 740 429 Caesare,
752 367 857 418 bellum.

211 437 254 488 Sit
266 441 339 490 locut
351 446 477 503 exceptus
486 435 589 497 reeleri,
600 434 754 504 Magnaque
766 435 868 502 tibique

213 506 309 567 rurus,
319 516 360 569 ut,
370 505 489 558 invictae
495 506 591 577 fatum
603 505 628 555 ti
637 507 761 556 consulut
772 504 843 566 urbi,

148 575 199 626 335
210 575 330 627 Foedera
342 577 365 627 ri
372 577 509 642 placeant,
520 573 564 635 tit,
574 590 626 639 qua
638 573 753 624 veniatit
762 573 885 626 inermes.

214 642 269 704 Vel,
281 660 339 694 cum
352 652 432 695 tantu
444 652 537 695 vacent
550 641 705 693 discrimina
717 639 819 693 Martie
831 641 913 706 Iberi,

210 712 284 776 Quid
293 713 417 782 rapidum
427 710 546 781 deflectit
555 711 627 762 iter?
648 707 706 761 Nan
715 711 836 777 pandera
847 728 937 764 rerum

209 780 267 832 Nec
278 790 410 832 momenta
421 795 524 832 tumus:
539 795 685 846 numquam
690 778 823 860 selieibur
833 780 919 831 armit

212 849 267 901 Ura
279 865 381 910 munus,
389 848 500 915 patriae
507 848 605 916 primii
617 865 634 900 a
645 848 748 899 tedtbut
758 851 842 900 extul.

148 919 198 969 340
209 919 248 969 Et
254 926 318 984 part
329 919 477 968 translatae
487 925 600 970 exustae
609 915 744 968 Pbaeidat
755 934 839 969 arcet.

208 984 348 1037 Moenibus
359 985 466 1053 exiguit
477 986 565 1038 aliena
575 985 604 1037 in
616 986 695 1037 litare
706 986 769 1047 tuti,

208 1055 336 1106 llluttrat
345 1070 409 1122 quat
421 1056 478 1105 talu
483 1053 562 1123 fider.
582 1054 614 1107 Si
624 1055 750 1106 claudere
759 1070 848 1105 murat

210 1121 353 1175 Obridiane
361 1139 455 1190 purat,
466 1132 493 1174 et
502 1123 530 1173 ai
537 1123 713 1194 perfringere
720 1132 831 1189 portat:

210 1190 353 1258 Excepisse
357 1192 439 1262 sacer
452 1191 539 1252 tertie,
552 1201 579 1243 et
591 1195 643 1244 tela
652 1192 759 1259 parati,

146 1260 197 1311 345
211 1258 349 1312 Undarum
360 1269 455 1327 raptat
465 1260 696 1332 avertitfaatibut
711 1261 824 1312 buuttur

208 1329 352 1393 Quaerere,
364 1339 390 1380 et
402 1327 527 1397 effaetam
539 1329 659 1381 sitienter
671 1329 786 1381 lambere
796 1339 912 1382 terrum.

205 1399 253 1460 Et,
267 1399 334 1450 derit
345 1398 369 1449 ti
379 1401 460 1479 larga
473 1395 562 1460 Cerea,
574 1408 640 1450 tune
649 1397 762 1449 barrida
774 1399 857 1460 cerni,

205 1466 347 1537 Foedaque
357 1467 479 1536 contragi
489 1470 627 1518 maculata
637 1483 749 1533 carpere
760 1482 857 1518 mortu.

205 1535 259 1588 Nee
265 1546 349 1602 quaet
360 1536 402 1587 bie
410 1538 527 1603 papulut
536 1553 589 1602 pra
600 1535 726 1588 libertate
737 1535 837 1597 tubire,

145 1606 195 1656 35⁰
208 1603 350 1658 Obtettum
361 1604 450 1656 Poena
459 1604 546 1672 gemit
556 1607 627 1670 quud
637 1603 730 1656 Marte
742 1604 905 1674 Saguntum.

205 1672 362 1723 Pectoribus
372 1672 448 1738 rapti
458 1681 586 1735 matrum,
591 1673 756 1744 fruetraque
766 1673 905 1726 trabentes

208 1741 296 1792 Ubera
307 1740 471 1811 rieeasume,
481 1741 579 1792 mediat
589 1742 732 1794 mittentur
743 1741 771 1793 ia
782 1742 875 1811 ignet;

209 1807 284 1862 Uxor
295 1818 321 1859 et
332 1826 350 1860 a
361 1825 425 1859 aare
433 1816 528 1875 patret
540 1809 666 1878 tibifatu
676 1810 785 1861 marita.

208 1877 325 1929 Vulnera
336 1876 484 1929 miscebunt
489 1878 607 1949 fratrer,
617 1879 763 1945 bellumque
773 1880 862 1931 coacti

145 1947 196 1998 355
210 1946 269 1997 Hae
275 1946 369 2012 patine
382 1945 459 1998 eirile
466 1956 573 2014 gerent.
592 1945 637 1998 Sic
649 1947 735 1998 Graiu
745 1949 871 2000 iuventus

205 2016 338 2066 Finierat:
355 2030 426 2077 cum,
438 2014 549 2065 turbato
559 2017 614 2065 iam
625 2017 735 2081 prodita
743 2015 829 2080 voltu,

208 2084 251 2133 lra
262 2082 338 2133 (lucie
348 2083 458 2135 tandem
468 2089 572 2135 testata
582 2091 625 2135 est
634 2100 703 2136 voce
713 2084 849 2136 dolorem:

263 2148 339 2202 Vana
352 2160 438 2204 maaet
452 2152 550 2204 Graiae
561 2153 761 2224 uattrifidueia
771 2170 874 2206 curtus.

207 2220 333 2284 Quamait
344 2219 504 2287 Hesperium
516 2221 608 2272 mundi
614 2237 787 2288 properemus
798 2224 836 2273 url
846 2240 937 2286 arem,

144 2289 194 2340 360
206 2287 360 2340 Mamilium
371 2290 457 2341 delere
468 2299 555 2341 aurat.
589 2291 712 2341 Gaudete
722 2289 857 2344 eabartet:

206 2355 294 2410 Obvia
302 2358 467 2422 praebentur
470 2359 599 2431 satarum
609 2374 717 2411 munere
728 2360 804 2411 bella.

210 2423 310 2478 Ventut
323 2436 354 2477 ut
363 2427 467 2478 amittit
478 2428 558 2486 viret,
569 2426 623 2477 niti
633 2427 728 2479 rebare
739 2428 835 2481 demae

206 2492 363 2546 Occurrunt
371 2496 464 2556 eilrat,
474 2494 563 2562 epatia
575 2493 692 2562 differtur
704 2497 797 2548 inani:

208 2563 295 2630 thue
307 2563 381 2629 perit
392 2581 435 2614 ma
458 2579 507 2614 aut
516 2562 597 2615 uullit
608 2565 775 2617 abrtautt'bur
785 2565 867 2634 ignit,

136 2631 196 2680 ³65
209 2632 349 2683 Sirborter
357 2631 424 2684 mibi
433 2582 521 2683 berete
531 2641 618 2684 uacet:
631 2634 807 2699 damnumque
816 2647 950 2700 putamus

207 2701 359 2759 Armorum,
372 2701 434 2752 uiti.
447 2701 492 2767 qui
506 2700 576 2751 rinei
582 2712 703 2766 patuere,
716 2703 850 2754 rebellent.
920 2724 925 2731 ·
