1980 3074
137 167 188 217 238
311 165 348 214 tl.
383 163 483 215 ΑΗ.
519 164 699 217 leucas!

140 283 218 334 Miles
229 283 300 334 erit?
318 284 380 335 Nax
389 283 454 334 laec
462 292 577 352 peraget
589 283 682 336 civilis
691 284 769 346 della,

139 351 312 422 inferiasque
323 353 396 403 dabit
406 353 521 419 populis,
532 362 558 403 et
569 351 659 404 mittet
669 354 707 405 sd
714 355 831 411 umbras.

144 420 224 483 Quod
232 422 344 473 deletur
354 422 442 473 adiere
450 422 559 481 mundo,
570 430 658 487 ceput.
683 422 724 473 lte
729 422 845 493 feroces

145 487 271 541 Caesaris
280 489 309 542 is
321 489 459 559 iugulum:
474 498 596 558 praestet
608 490 705 559 Lagea
715 489 845 543 iuventus

83 557 135 610 395
147 558 208 610 Hoc
218 560 288 627 regi,
300 558 422 611 Romans
435 558 493 610 sibi.
526 556 568 610 Tu
574 574 661 625 parce
670 561 790 611 morari.-

145 626 260 679 Pleuum
272 628 366 695 epulis,
376 627 565 693 madidumque
575 643 658 688 mero,
670 624 820 694 Venerique
828 645 880 696 pu-

614 704 707 747 ratum

144 764 282 816 invenies:
300 767 387 817 aude:
405 765 625 833 superiniecta
640 761 774 816 Catonum

143 831 345 901 Brutorumque
356 834 407 884 tibi
417 834 543 885 tribuent.
570 832 633 885 Non
644 835 735 903 segnis
746 831 865 885 Achillas

145 900 275 953 Suadenti
286 917 383 968 parere
394 902 480 953 nefas.
499 903 579 954 Hand
592 902 667 954 clara
675 902 828 963 movendis,

83 970 135 1018 100
146 970 182 1020 Ut
191 984 260 1032 mos,
272 972 350 1038 signa
361 970 436 1022 dedit
445 973 556 1034 castris,
566 986 617 1022 nec
628 970 749 1039 prodidit
759 986 837 1021 arma

144 1037 229 1089 Ullius
239 1038 367 1107 clangore
376 1040 474 1091 tubae:
492 1047 596 1091 temere
607 1041 698 1091 omnia
708 1040 783 1090 sacri

146 1109 328 1159 Instrumenta
339 1110 411 1176 rapit
420 1108 492 1160 belli.
510 1109 579 1160 Pars
589 1109 708 1160 maxima
719 1106 818 1160 tsrrlsae

145 1176 236 1228 Plebis
247 1183 307 1228 erat
316 1176 427 1229 Latiae:
445 1178 493 1228 sed
504 1183 583 1229 tanta
593 1177 693 1228 oblivio
704 1183 810 1228 mentes

147 1247 239 1312 Cepit,
250 1247 277 1296 in
288 1254 415 1298 externos
427 1253 558 1313 corrupto
569 1247 654 1297 milite
664 1260 765 1308 mores,

84 1314 136 1361 405
149 1315 184 1365 Ut
194 1314 263 1366 duce
273 1315 323 1366 sub
334 1315 445 1377 famulo,
454 1317 582 1384 iussuque
594 1314 718 1366 satellitis
727 1314 810 1377 irent,

147 1382 222 1443 Quos
233 1391 292 1435 erat
303 1385 441 1452 indignum
453 1381 553 1435 Phario
565 1399 662 1450 parere
672 1391 802 1450 tyranno.

145 1451 226 1503 Nulla
237 1453 304 1503 lides
315 1454 456 1521 pietasque
466 1452 545 1516 viris,
557 1454 602 1519 qui
613 1459 705 1504 eastra
716 1456 879 1519 sequuntum

146 1521 317 1589 Venalesque
327 1537 432 1584 manus,
442 1521 489 1573 ubi
499 1520 550 1584 ias,
559 1521 606 1571 ubi
616 1522 737 1572 maxima
747 1534 863 1580 merces,

145 1591 213 1640 Aere
224 1598 330 1641 merent
339 1606 438 1659 parv03
456 1590 629 1659 iugulumque
639 1591 666 1640 in
681 1590 807 1641 caesaris
816 1588 858 1638 ire

83 1659 136 1709 110
147 1658 207 1710 Non
220 1660 269 1709 sibi
281 1659 354 1709 dant.
385 1659 439 1710 Pro
450 1658 505 1711 iasl
517 1659 562 1709 ubi
574 1674 628 1710 nun
639 1657 729 1709 civilia
738 1655 813 1708 bella

144 1729 250 1778 invenit
261 1728 367 1793 imperii
377 1727 464 1778 fatum
474 1727 628 1780 miserabile
638 1724 742 1777 nostrii

146 1794 304 1846 Thessaliae
315 1795 450 1846 subducta
461 1797 534 1847 acies
543 1798 571 1847 in
579 1796 660 1847 litore
670 1794 724 1846 Nili

145 1865 224 1915 More
235 1863 300 1915 furit
312 1864 408 1930 patrio.
437 1864 509 1925 Quid
520 1872 548 1916 te
559 1865 633 1931 plus,
644 1864 756 1932 Magne,
767 1868 881 1929 recepto
986 1886 989 1901 =

146 1935 218 1984 Ausa
228 1931 301 1985 foret
313 1934 407 2002 lragea
418 1933 531 1986 domus!
550 1935 605 1985 liat
614 1934 720 1985 scilicet
731 1930 820 1984 omnis

85 2002 136 2053 415
147 2003 278 2065 Dextera,
291 2002 362 2070 qnod
373 2002 455 2054 dehet
464 2004 582 2070 superisa
601 2003 720 2070 nullique
730 2014 830 2051 vacare

145 2073 199 2123 Fas
210 2077 253 2123 est
263 2072 394 2122 Romano.
423 2072 533 2123 Latium
546 2073 585 2124 sic
596 2071 720 2123 scindere
731 2084 832 2136 corpus

147 2142 195 2191 llis
206 2142 349 2207 placitum:
365 2157 418 2192 non
429 2142 456 2192 in
467 2142 556 2193 soceri
601 2140 712 2207 nerique
723 2138 848 2190 favorem

145 2210 295 2261 Discedunt
306 2210 407 2277 populi.
436 2211 530 2262 Civilia
539 2210 575 2261 be
586 2211 612 2261 la
623 2208 733 2261 satelles

145 2281 240 2341 ll'lovit,
252 2285 280 2330 et
291 2282 317 2329 in
328 2285 433 2347 partem
446 2279 560 2330 Romani
570 2279 644 2330 venit
655 2274 780 2329 Achillas.

85 2351 136 2399 120
147 2351 183 2400 Et
193 2348 242 2399 nisi
254 2347 312 2398 fata
322 2364 417 2399 manus
428 2365 444 2399 a
455 2350 584 2417 sanguine
596 2346 720 2400 Caesaris
731 2350 838 2407 arcent,

148 2416 438 2486 liaevinccntpartes.
465 2417 567 2469 Aderat
577 2423 700 2468 maturus
711 2419 842 2482 uterquet

150 2489 184 2537 Et
195 2486 327 2537 destricta
339 2486 425 2554 epulis
437 2486 472 2537 ad
483 2492 595 2538 cunctas
607 2486 670 2538 aula
680 2481 795 2553 petebat

148 2555 273 2605 insidias:
293 2562 455 2621 poteratque
466 2569 547 2604 cruor
558 2570 608 2621 per
617 2556 694 2624 regia
703 2551 781 2604 fundi

148 2623 250 2673 l'ocula
261 2624 419 2684 Caesareus,
432 2637 596 2690 mensaeque
606 2622 765 2675 incumbere
781 2620 886 2673 eerle.

85 2690 137 2739 ⁴25
149 2690 202 2742 Sed
215 2697 339 2741 metuunt
349 2691 411 2743 belli
423 2690 545 2757 trepides
555 2693 582 2741 in
593 2699 675 2744 nocte
688 2690 831 2751 tumultus,
