1980 3074
144 220 160 267 2
320 218 358 266 Μ.
394 215 496 267 ANN.
531 214 712 267 LUCANl

196 337 262 397 Quis
273 335 358 397 furor,
371 351 387 385 o
401 337 483 396 cives,
495 350 564 402 quae
576 341 654 387 tanta
665 334 775 384 licentia
785 331 860 395 ferri,

145 403 278 455 Gentibus
287 405 381 456 invisis
391 404 500 454 Latium
513 403 644 470 praebere
656 399 799 452 cruorem!

103 475 137 522 1⁰
149 473 291 539 Quumque
306 471 425 538 superba
440 472 512 523 leret
523 471 654 589 Babyloq¹
664 469 805 552 spolianda
821 476 866 520 tro

656 554 713 589 aeas

143 609 277 672 Ausoniis,
287 608 437 676 umbraque
448 617 553 659 erraret
565 554 678 659 Graisus
688 607 782 668 inulta,

143 677 221 728 Bella
230 678 287 744 geri
299 677 401 744 placuit
410 677 498 728 nullos
508 675 634 728 habitura
644 673 814 743 triurnpbosi

142 747 206 796 Heu
217 752 346 813 quantum
356 753 447 796 terrae
460 747 549 812 potiit
559 745 701 813 pelagique
712 746 802 810 parari

142 815 218 877 lloe,
231 829 310 881 quem
321 815 413 864 ciuiles
424 813 585 876 hauserunt,
598 815 743 881 sanguine,
754 813 879 875 dextrae,

99 883 133 931 15
145 883 220 934 Unde
231 883 306 933 venit
316 884 407 944 Titan,
418 890 447 934 et
456 897 511 934 nox
520 883 566 934 vbi
575 882 667 934 sidera
676 883 778 943 condit,

144 952 257 1019 Quaque
268 951 326 1002 dies
337 951 442 1002 medius
452 951 629 1019 flagrantibus
640 957 748 1002 aestuat
759 948 842 1011 horis,

142 1021 179 1070 Et
190 1035 244 1087 qua
253 1019 359 1082 brunia,
370 1021 460 1087 rigens
471 1035 505 1071 ac
518 1021 611 1071 nescis
620 1036 684 1071 vere
695 1021 806 1081 remitti,

141 1088 291 1155 Adstringit
300 1086 431 1153 Scythico
441 1089 584 1156 glacialem
595 1089 697 1156 frigore
707 1088 832 1154 pontum!

142 1154 198 1206 Sub
208 1158 274 1224 iuga
282 1158 336 1206 iam
348 1155 437 1219 Seres,
447 1159 502 1208 isru
511 1156 644 1208 barbarus
653 1160 721 1208 isset
731 1160 843 1219 Araxes,

99 1228 132 1274 2⁰
143 1225 180 1275 lit
190 1240 258 1292 gens
268 1226 291 1275 si
301 1240 355 1292 qna
363 1227 437 1277 iacet
446 1226 570 1277 noscenti
581 1227 692 1277 conseia
702 1226 773 1276 Nilo.

142 1294 234 1357 Tunc,
245 1293 371 1345 sitantus
382 1309 459 1346 amor
468 1294 532 1346 belli
542 1294 605 1358 tibi,
617 1295 713 1356 Romu,
723 1295 842 1355 nefandi,

141 1363 243 1413 'l'otum
253 1362 304 1414 sub
315 1361 412 1415 Latias
422 1364 496 1432 leges
507 1379 590 1432 quum
600 1365 705 1416 macris
718 1364 823 1425 orbem,

141 1432 170 1481 ln
181 1438 210 1482 te
220 1438 298 1483 verte
308 1447 416 1484 munus:
428 1433 547 1484 nondum
558 1433 610 1484 tibi
619 1432 707 1484 deluit
718 1431 813 1485 hostis.

135 1501 174 1561 ,tt
184 1515 256 1551 nune
266 1502 528 1569 semirutispendent
538 1502 610 1570 quod
619 1505 728 1554 moenia
738 1505 817 1553 tectis

97 1570 131 1619 25
143 1568 260 1621 Urbibus
271 1569 376 1633 ltaliae,
386 1571 522 1639 lapsisque
533 1573 656 1638 ingentia
664 1573 748 1622 muris

140 1635 215 1688 Saxa
225 1639 329 1698 iacent,
346 1638 473 1706 nulloque
485 1639 582 1689 domus
597 1641 713 1691 custode
724 1649 817 1691 tenen-

614 1715 667 1768 tur,

139 1774 227 1824 Rarus
238 1781 266 1825 et
277 1775 396 1841 antiquis
407 1771 547 1825 habitator
556 1776 582 1824 in
594 1775 706 1827 urbibus
716 1785 799 1838 errat,

139 1842 261 1894 Horrida
278 1843 352 1908 quod
373 1842 474 1904 dunris,
491 1843 644 1913 multosque
653 1845 761 1895 inarata
773 1861 821 1911 per
832 1864 879 1898 an-

613 1928 663 1964 nos

139 1980 275 2046 Hesperia
286 1986 337 2043 est,
345 1979 496 2049 desuntque
507 1996 602 2034 uranus
607 1983 782 2048 poscentibus
794 1989 878 2052 artis,

96 2049 130 2099 3⁰
142 2047 203 2099 Non
214 2055 253 2110 tu,
263 2046 372 2115 Pyrrhe
383 2047 462 2100 ferox
468 2085 476 2112 ,
487 2065 538 2101 nec
549 2053 633 2102 tantis
644 2052 766 2103 cladibus
779 2062 877 2107 auctor

140 2119 248 2168 Poenus
259 2118 324 2169 erit:
336 2117 402 2169 nulli
412 2118 520 2186 penitus
533 2120 685 2172 discindere
695 2121 769 2173 ferro

138 2187 270 2256 Contigit:
283 2186 340 2238 alta
351 2186 448 2240 sedent
459 2189 543 2243 nnus
553 2189 665 2242 vulnera
675 2191 797 2244 dextrae.

139 2255 252 2318 Quodsi
262 2271 316 2307 non
329 2255 410 2310 aliam
418 2264 535 2310 venturo
547 2259 606 2312 iata
616 2260 720 2313 Neroni

138 2328 268 2378 invenere
280 2328 360 2389 darn,
372 2343 525 2397 magnoque
535 2337 648 2383 aeterna
658 2339 790 2398 parantur

95 2395 129 2446 35
142 2396 234 2463 Regna
243 2396 316 2460 deis,
329 2397 489 2466 coelumque
499 2415 549 2450 suo
560 2403 662 2451 servire
673 2403 780 2450 tonanti

135 2463 196 2516 Non
208 2466 258 2517 nisi
269 2481 413 2518 saer-orum
424 2470 515 2535 potuit
526 2476 589 2534 post
597 2469 669 2520 bella
679 2471 828 2536 gigantum,

135 2535 191 2585 lam
201 2532 276 2597 nibil,
287 2550 304 2588 o
314 2538 420 2604 superi,
432 2538 583 2603 querimurz
596 2538 702 2588 scelera
710 2541 772 2604 ipsa
783 2539 860 2592 nefas

627 2623 661 2657 ue

134 2672 195 2722 liae
204 2673 331 2725 mercede
343 2674 464 2740 placent:
476 2674 550 2726 diros
561 2624 703 2728 Philrsalia
715 2693 827 2745 campos

134 2740 256 2805 lmpleat,
268 2738 296 2791 e't
306 2741 392 2792 Poeni
404 2750 560 2795 saturentur
571 2747 701 2814 sangiune
711 2763 817 2811 manen
