1980 3074
179 237 463 289 Pnisssshls.
499 239 588 290 LlB.
616 238 668 292 lv.
763 239 798 289 tt

66 356 139 408 Eme
149 356 219 406 sulit
227 371 328 420 presso,
340 365 367 408 et
375 359 472 424 gaisae
483 367 573 409 texere
581 359 719 423 podorem,

66 423 135 486 Qrcs‘s
147 425 272 495 conferre
284 425 361 475 duces
372 424 508 476 meminit!
524 426 583 492 quis
596 426 711 492 pendere
721 442 795 476 cous·

536 496 597 544 sos!

68 562 127 623 Qua
139 560 225 620 stetit,
235 561 400 642 infestaret:
411 562 599 633 oeiutifatuis‘s
610 578 709 614 arerrue

67 628 224 680 Muneribus
235 645 286 680 non
296 645 342 680 rra
354 640 427 681 uetus
437 647 596 682 concurrere
605 632 681 699 cogit

65 699 219 750 Productus
225 714 236 757 ;
247 698 325 748 odere
332 715 422 764 parer.
451 697 496 750 Sic
506 699 589 761 fatus,
600 700 701 765 apertis
805 701 856 749 tlt

64 768 197 818 instruxit
208 768 310 833 campis
323 769 409 818 ecies:
421 782 499 835 quem
509 768 611 818 blanda
620 767 719 818 futuris

64 836 224 901 Deceptura
233 835 311 886 mulis
321 835 384 886 belli
394 835 506 886 fortuna
516 836 628 902 recepit.

63 903 133 954 Nam
144 903 248 971 pepulit
257 903 360 955 Varum
371 919 478 970 campo,
490 905 645 972 nudataque
659 904 740 955 foedo

64 974 156 1041 Terga
164 972 238 1040 fuga,
250 972 338 1024 donec
348 979 493 1024 vetuerunt
505 979 605 1035 castra,
616 973 723 1024 cecidit.

63 1042 166 1092 Tristia
175 1042 223 1092 sed
235 1049 379 1108 postquam
390 1043 512 1108 superati
522 1042 627 1109 proelia
636 1041 702 1094 Vari
804 1042 855 1093 715

64 1108 133 1160 Sunt
142 1110 236 1161 audita
246 1110 342 1160 lubae:
360 1111 458 1172 laetus,
471 1110 544 1178 quod
555 1111 643 1178 gloria
653 1111 717 1161 belli

63 1177 105 1228 Sit
114 1178 194 1229 rebus
203 1185 312 1229 servata
322 1179 385 1240 suis,
398 1180 470 1244 rapit
482 1179 591 1245 agmina
600 1178 702 1239 furtim,

63 1246 252 1313 Obscuratque
263 1261 339 1296 suam
350 1261 399 1312 per
408 1247 483 1297 iussa
493 1246 601 1296 silentia
611 1245 726 1307 famam3

63 1315 125 1364 lloc
135 1314 223 1364 solum
234 1320 368 1375 metuens,
377 1315 505 1364 incautus
516 1313 550 1364 ab
562 1312 641 1363 hoste
650 1314 748 1362 tiorerl.

63 1383 190 1443 Mittitur,
202 1382 301 1448 exigua
311 1382 357 1447 qui
366 1381 471 1447 proelia
481 1383 570 1447 prima
580 1380 707 1440 lacessat,
805 1383 856 1432 m

63 1450 216 1516 Eliciatque
226 1464 317 1509 manu,
330 1447 453 1499 Numidis
464 1464 481 1498 a
492 1463 556 1516 rege
568 1448 711 1509 secundus,

64 1519 99 1569 Ut
110 1518 162 1568 sibi
174 1518 311 1568 commissi
324 1517 466 1567 simulator
476 1515 583 1568 Sabura
593 1515 665 1567 belli.

63 1589 125 1653 lpse
137 1600 245 1636 cavare
283 1587 291 1635 i
303 1586 373 1636 m'res
383 1586 410 1635 in
421 1585 490 1636 valle
502 1591 634 1636 retentet:

61 1655 175 1721 Aspidas
186 1661 216 1705 ut
227 1655 248 1704 P
269 1655 340 1706 arias
351 1653 439 1705 cauda
449 1654 587 1705 sollertior
598 1651 683 1705 hostis

61 1723 154 1784 Ludit,
166 1724 288 1775 etiratas
299 1724 405 1774 incerte
413 1729 549 1789 provocat
558 1723 667 1774 umbra:
803 1726 853 1777 725

61 1792 246 1860 Obliquusque
258 1799 341 1858 caput
351 1807 434 1843 ranas
445 1792 579 1860 serpentis
590 1793 617 1842 in
629 1806 710 1843 auras

61 1860 171 1912 Effusae
182 1867 243 1912 tuto
256 1861 428 1927 comprendit
435 1868 548 1929 guttura
556 1875 648 1912 morsu

60 1929 209 1981 Letiferam
220 1931 290 1980 eitra
298 1932 413 1981 saniem:
424 1935 489 1981 tunc
499 1930 578 1981 irrita
588 1932 672 1996 pestis

60 1998 236 2063 Exprimitur‚
247 1997 394 2066 faucesque
407 1997 493 2048 fluunt
502 2005 632 2065 pereunte
643 2015 756 2051 renerio.

112 2066 263 2116 Fraudibus
274 2073 399 2117 eventum
405 2066 520 2117 dederat
526 2066 648 2119 fortuna:
659 2067 793 2136 feroxque
802 2070 853 2119 230

62 2132 122 2182 Non
135 2133 284 2199 exploratis
294 2135 395 2184 occulti
404 2134 505 2186 m'ribus
517 2133 613 2198 hostis,

62 2203 144 2253 curio
156 2207 317 2252 nocturnum
328 2203 424 2253 castris
436 2218 579 2270 erumpere
590 2207 674 2271 cogit,

61 2270 218 2337 ignotisque
230 2271 348 2335 equitem
358 2270 412 2321 late
423 2271 576 2323 discurrere
587 2274 697 2338 campis.

63 2341 124 2403 lpse
135 2336 184 2388 sub
195 2352 311 2388 aurorae
322 2339 423 2403 primos
434 2341 568 2391 excedere
578 2346 668 2390 motus

60 2406 144 2475 Signa
152 2405 230 2457 iubet
240 2407 345 2468 castris,
356 2407 468 2457 multum
478 2407 634 2475 frustraque
646 2419 768 2476 rogatus,
804 2412 854 2462 735

60 2475 97 2526 Ut
107 2475 228 2540 Libycas
241 2480 345 2525 metuat
355 2475 474 2537 fraudes,
484 2475 640 2543 infectaque
652 2492 760 2543 semper

59 2544 163 2593 Punica
171 2542 243 2592 bella
253 2542 330 2593 dolis.
359 2543 422 2594 Leti
434 2543 545 2594 fortuna
557 2547 652 2611 propin
673 2545 698 2594 ui

60 2610 226 2661 Tradiderat
234 2610 299 2661 fatis
309 2612 611 2679 iuvenem:bellumque
620 2621 664 2664 tra
685 2613 749 2667 ebat

59 2681 206 2729 Auctorem
214 2677 293 2729 civile
306 2694 392 2730 suum.
421 2678 509 2746 Super
520 2682 605 2730 ardua
617 2683 691 2734 ducit

61 2744 144 2805 Sora,
153 2759 235 2811 super
245 2753 349 2808 cautes,
361 2747 477 2813 abrupto
487 2749 582 2812 limite,
593 2753 682 2818 signer
802 2757 853 2805 740
