1980 3074
161 126 211 174 222
335 123 373 172 Μ.
409 121 508 172 ANN.
544 118 725 173 aucam

178 241 335 292 Hectoreos
345 241 453 291 calcare
463 247 548 290 vetat.
567 239 699 290 Discussa
706 239 839 292 iacebant

179 307 266 371 Saxa,
277 323 328 359 nec
339 309 418 359 ullius
428 307 528 359 faciem
540 309 678 358 servantia
688 309 774 372 sacri3

177 378 316 440 Herceas,
327 383 495 428 monstrator
505 377 553 438 ait,
563 392 617 426 non
627 377 742 443 respicis
752 378 835 429 arasl

116 446 167 499 080
220 447 244 499 0
254 461 334 498 sacer
344 452 373 497 et
382 461 496 514 magnus
506 450 600 495 samm
611 445 699 507 labor,
709 448 803 497 omnia
812 446 876 500 lato

179 516 283 582 Eripis,
295 522 322 566 et
333 514 440 583 populis
450 514 537 565 donas
548 513 708 565 mortalibus
719 529 827 565 aevum.

179 583 397 645 lucidissimae,
408 584 518 645 Caesar,
531 597 566 633 ne
576 588 692 650 tangere
702 580 810 635 famae:

178 652 247 703 Nam
259 654 282 703 si
293 653 357 721 quid
367 652 456 703 Latiis
467 652 509 703 las
520 656 563 702 est
574 653 736 717 promittere
745 652 846 716 Musis,

180 724 317 783 Quantum
327 719 471 787 Smyrnaei
483 719 620 771 durabunt
629 720 701 770 vatis
712 717 847 784 honores,

117 790 168 840 985
183 790 296 842 Ventus·
304 802 348 840 me
359 796 440 856 teque
452 789 558 857 legent:
576 786 721 840 Pharsalia
731 796 830 840 nostra

179 859 268 920 Vivet,
278 863 307 909 et
318 872 335 907 a
345 857 418 907 nullo
430 859 551 909 tenebris
563 856 752 909 damnabimur
763 873 844 910 aevo.

229 927 266 978 Ut
277 925 353 976 ducis
362 925 486 993 implerit
496 928 570 978 usus
580 926 737 977 ueneranda
746 934 883 991 venatos,

177 996 273 1046 Erexit
284 994 389 1046 subitas
400 1002 532 1063 congestu
543 995 654 1061 cespitis
664 1009 736 1059 aras,

177 1064 305 1132 Votaque
315 1061 497 1115 thuricremos
508 1080 562 1115 non
573 1065 653 1115 imita
662 1063 733 1114 fudit
742 1066 771 1116 ia
779 1066 873 1133 ignes:

117 1134 168 1185 900
179 1132 219 1184 Ds'
231 1133 360 1197 cinerum,
371 1132 507 1202 Phrygios
519 1133 609 1186 colitis
618 1133 778 1201 quicumque
789 1135 897 1197 minos,

178 1201 336 1269 Aeneaeque
346 1201 411 1265 mei,
423 1219 487 1270 quos
497 1219 569 1255 nuuc
578 1200 697 1254 Loes‘ma
708 1204 782 1254 sedes

179 1271 277 1324 Servat
288 1282 316 1324 et
327 1271 396 1323 Atta
409 1274 489 1333 taret,
500 1281 528 1323 et
539 1287 653 1336 quorum
664 1273 736 1322 lucet
746 1271 775 1324 δη
786 1272 847 1324 urit

175 1341 253 1408 Ignis
264 1339 505 1409 adlucPltryge'ut,
512 1339 767 1407 nulliqueadepectu
776 1340 898 1394 virorum

177 1410 277 1471 Pallas,
288 1410 317 1462 in
329 1410 454 1461 abstruso
462 1410 565 1477 pignus
575 1408 746 1460 memorabile
759 1412 871 1477 templo,

115 1479 165 1529 995
181 1480 277 1531 Gentis
288 1480 379 1531 Iuleae
390 1479 485 1531 cestris
494 1478 661 1530 clarissimus
672 1478 730 1528 oris

176 1546 235 1600 Dat
243 1547 293 1614 pia
306 1559 370 1599 tura
380 1565 460 1614 nepos
466 1585 475 1611 ‚
486 1557 514 1599 et
523 1563 568 1598 eos
577 1547 607 1599 in
617 1548 677 1598 tede
685 1546 778 1613 priori

177 1615 241 1666 Rite
253 1627 348 1667 vocat.-
368 1619 432 1669 dote
441 1617 537 1685 felices
547 1617 576 1668 in
587 1625 677 1667 cetero
689 1631 795 1668 clusus.

176 1683 330 1735 Restituam
340 1689 469 1750 populos:
485 1697 571 1753 grato
582 1684 639 1736 os'ce
649 1685 754 1736 moem‘u
764 1688 876 1739 reddent

179 1752 330 1803 Ausonidae
336 1752 498 1822 Phrygibus,
506 1753 680 1819 Romanaque
685 1754 829 1824 Pergamo
840 1772 897 1807 eur·

671 1832 725 1874 eut.

97 1890 165 1939 tooo
179 1888 224 1939 Sic
235 1888 318 1951 fatus,
331 1893 432 1957 repetit
443 1891 558 1954 classes,
571 1900 599 1944 et
609 1840 671 1943 00οΞ
680 1891 810 1944 secundis

182 1958 250 2014 Vela
261 1959 336 2010 dedit
349 1962 435 2023 Colis,
448 1960 596 2029 avidusque
608 1968 723 2029 urgente
733 1962 860 2028 procella

175 2030 274 2080 lliacas
305 2044 400 2081 ensare
411 2044 516 2092 moras,
528 2031 618 2081 Asiam
637 2044 671 2080 ue
683 2036 828 2096 potentem

178 2044 372 2162 Praevessitur,
395 2099 547 2168 pelagoque
562 2046 678 2219 Rhoffllon
692 2108 841 2217 stpumantc
859 2118 900 2153 re

644 2183 720 2234 iqui.

178 2235 902 2304 Septimanoncplryronumquamlaxantemdentes
989 2261 990 2280 ³

100 2306 168 2354 1005
180 2306 307 2358 Ostendit
318 2305 425 2358 Phariis
436 2307 570 2374 Aegyptia
581 2307 664 2358 litora
674 2304 800 2358 flammis.

179 2373 232 2427 Sed
244 2377 319 2442 prius
331 2381 393 2427 orta
404 2376 462 2425 dies
472 2380 634 2427 noctumam
645 2374 774 2442 larnpada
784 2379 868 2441 texit,

179 2445 265 2506 (luam
278 2450 352 2495 tutas
362 2444 478 2493 intraret
491 2457 583 2511 aquas.
603 2445 643 2495 lbi
655 2443 736 2511 plena
745 2446 867 2498 tumultu

178 2514 291 2574 Litora,
304 2518 332 2562 et
342 2512 448 2561 incerto
458 2510 584 2564 turbatas
595 2528 733 2565 murmure
744 2530 830 2566 voces

178 2583 296 2648 Accipit:
309 2595 342 2630 ac
352 2577 439 2628 dubiis
451 2580 552 2632 veritus
563 2598 593 2634 se
604 2582 717 2634 credere
728 2585 822 2651 regnis

100 2650 168 2698 toto
180 2649 308 2700 tostino*
432 2652 514 2699 rates.
535 2649 588 2702 Sed
600 2651 659 2702 dira
670 2651 781 2703 satelles
