1980 3074
174 128 226 179 184
347 125 383 173 Μ.
418 121 521 175 ΑΝΝ.
555 122 737 211 Lucum

175 241 472 298 Distrahimurmireei.
492 238 913 313 Poteratnonfieeterepuppt'n,

178 312 243 364 Cum
249 312 373 393 sugeret,
385 312 448 372 alio,
459 310 620 375 latebrisque
629 310 783 377 relinquere
793 313 887 377 10εο11,

177 379 305 434 Omnibus
318 380 427 431 acerris
439 379 519 431 einer
530 395 623 431 arcere
633 379 763 446 perudus.

176 451 218 503 An
233 460 340 502 teritum
354 448 383 501 in
392 447 496 516 fluetus
510 451 605 515 placeo
621 450 725 568 caperet!
752 450 897 505 umenti

659 524 751 569 tustra

114 589 164 642 100
176 588 289 650 uffirdit,
302 589 389 655 prima
398 585 499 653 pandet
508 591 599 637 tamen
610 588 691 637 anxia
701 602 808 655 puppa:

174 659 352 724 Attonitoque
363 660 438 705 metu
447 668 499 705 neo
510 669 645 722 quoquam
658 662 784 709 avertero
793 658 878 723 vim,

175 727 233 778 Nec
243 727 373 793 Magnum
383 728 509 790 spectare
519 730 620 789 potest.
631 722 714 775 Stetit
723 726 809 779 anxis
817 726 912 781 clud.

174 796 214 847 sd
225 795 301 845 ducis
312 799 448 854 eventum,
458 797 582 843 memora
591 807 646 844 non
658 808 744 857 arma,
754 794 898 865 uciuqu,

174 863 228 915 Sed
240 879 274 912 ne
286 862 426 912 submissis
436 861 562 926 precibus
572 861 719 929 Pompeius
729 862 831 917 mioret

113 935 164 986 595
176 931 292 999 Sceptra
301 945 350 981 sua
360 930 463 980 donata
472 944 561 980 nianu.
581 931 711 982 Transire
722 940 868 999 putentem

174 1002 312 1052 Romanus
322 996 424 1050 Pharia
433 998 511 1049 miles
521 999 555 1049 de
566 1013 657 1066 puppe
665 1000 769 1052 salutat

174 1069 334 1138 Septimius:
347 1067 459 1135 qui,pro
471 1067 706 1136 superumpudor‚
716 1070 914 1125 maumites

174 1140 260 1208 Regia
270 1136 398 1206 gestabat
407 1137 497 1204 posito
509 1135 644 1188 deformia
652 1136 720 1204 pilos

174 1209 311 1268 immanis,
322 1206 466 1266 dotentas,
478 1212 567 1268 atrox,
577 1206 703 1273 nullaque
711 1204 837 1259 ferarum

113 1278 265 1330 dedititios
275 1277 303 1327 in
314 1275 421 1326 caedes.
441 1276 507 1336 Quis
517 1290 582 1338 non,
592 1276 722 1338 Fortuna,
734 1281 862 1343 putasset

174 1347 292 1397 Parcere
316 1351 345 1396 te
361 1344 476 1412 populis,
492 1344 564 1411 quod
577 1343 649 1395 ballo
665 1341 735 1395 haec
751 1343 854 1399 (lexin
867 1364 915 1401 ra·

175 1481 372 1550 Thessaliaque
384 1481 479 1548 procul
490 1487 548 1531 tam
557 1483 641 1533 noxia
649 1481 706 1532 tela
715 1480 861 1551 tursum

173 1551 302 1617 Disponis
313 1550 429 1618 gladios,
440 1565 474 1600 nc
485 1566 539 1617 quo
549 1550 699 1601 nuntiatio
710 1550 787 1615 urhe,

175 1621 246 1680 lieu,
256 1618 362 1669 facinus
375 1618 452 1669 civile
463 1618 521 1669 tibi.
540 1618 699 1671 Victoribus
707 1620 776 1687 ipn'e

113 1690 164 1740 605
176 1687 312 1748 Dedecus,
324 1693 353 1736 et
362 1703 508 1754 numquam
518 1702 647 1754 superum
658 1690 780 1740 caritura
789 1691 899 1757 pudore

174 1755 292 1817 Pabula;
310 1755 489 1806 Romanusne
510 1757 516 1769 ⁹
529 1758 569 1807 sic
579 1758 670 1824 pararit
680 1757 762 1819 ends,

175 1822 352 1889 Pellaeusque
363 1839 432 1890 puer
440 1825 485 1892 gia
504 1826 531 1876 io
542 1826 590 1878 ati
602 1825 673 1878 colla
681 1826 790 1889 recidit,

174 1893 285 1958 Magne,
295 1896 352 1942 tuo.
381 1893 442 1953 Qua
453 1896 600 1959 posteritas
608 1897 636 1946 ia
646 1895 758 1948 saecula
767 1898 864 1949 mittet

176 1959 333 2026 Septimium
346 1959 434 2011 fama!
453 1963 542 2014 scelus
552 1961 605 2015 hoc
615 1980 669 2032 quo
680 1965 790 2016 nomine
799 1966 906 2031 dicent,

114 2029 164 2080 010
176 2030 227 2090 Qui
239 2028 317 2078 Bruti
329 2029 423 2080 dinero
432 2030 527 2082 netas!
547 2034 603 2082 lam
614 2032 825 2087 veneratione

173 2098 318 2149 Terminus
337 2106 491 2157 extremae,
513 2099 694 2169 Phariamque
718 2103 830 2157 abieno
847 2104 880 2157 in

646 2171 736 2223 alnum

173 2234 335 2289 Perdiderat
344 2236 400 2286 iam
409 2237 471 2287 iura
481 2238 531 2287 sui.
550 2239 628 2289 Tunc
639 2240 774 2308 stringere
783 2238 895 2293 ferron

173 2305 257 2372 Regia
267 2310 390 2355 monstra
400 2311 506 2371 parant.
535 2306 571 2357 Ut
581 2307 649 2358 sidit
659 2310 811 2361 comminue
821 2324 920 2377 00000,

171 2374 289 2425 involvit
297 2373 396 2435 vrulttrs,
408 2380 499 2441 atque,
510 2373 666 2442 indignatus
676 2384 803 2443 apertum

111 2444 161 2494 615
174 2445 312 2494 Fortunae
323 2448 464 2509 praestare
473 2450 565 2509 caput,
576 2452 641 2495 turm
651 2445 754 2497 lumina
764 2448 877 2514 praesit,
928 2410 970 2515 ὶ

173 2512 365 2578 Continuitque
376 2514 502 2574 animam,
595 2513 870 2571 asoffundcrerocu
981 2566 984 2571 ,

172 2581 280 2632 Posset.
290 2587 319 2630 ct
330 2587 468 2632 aeternam
478 2527 731 2653 0011.οἻιῇΠο
739 2584 853 2637 innan.

318 2663 362 2698 am
373 2664 504 2702 mucrone
511 2652 585 2704 latus
597 2653 721 2706 funestus
732 2650 853 2703 Achillas
