1980 3074
205 206 489 260 Pflnsssnhtn.
524 207 615 258 [ΑΒ.
644 207 696 258 tx.
771 208 822 258 195

91 326 210 379 Ausonio
221 334 395 376 monuments
404 333 489 386 tenen
499 331 646 392 portusque
658 325 763 392 quietos

92 397 224 446 Testetur
233 392 322 459 Libye
333 392 455 461 Phrygio
468 393 600 459 placuisse
611 394 750 460 magistro.

93 462 269 529 Tumprocul
281 476 314 511 ex
326 461 381 512 ulto
391 461 533 512 tendentes
542 461 603 512 velo
613 462 721 528 cerione
848 463 882 513 45

92 532 230 597 Ancipites
240 538 353 582 tenuere
365 531 483 590 acinos,
494 531 619 581 sociosne
631 528 772 591 mulorum,

92 602 130 649 rin
157 596 288 650 veherent
307 596 409 649 hostes.
437 598 574 664 Praeceps
595 596 664 716 inqit
686 612 765 649 omne
788 601 821 649 ti·

566 679 692 716 menum

93 737 204 798 Victor,
215 737 280 786 etin
291 735 364 786 nulla
373 749 427 786 non
440 733 560 786 creditur
572 748 631 784 esse
643 735 744 786 conns.

91 807 141 856 Ast
150 805 213 856 illae
224 818 328 871 puppes
339 804 429 855 luctus
439 803 616 871 planctusque
625 801 759 866 ierebnnt,

92 874 129 925 Et
138 873 210 925 meis
220 873 263 925 vel
273 873 333 925 duri
344 872 471 924 lacrimas
480 877 588 923 motura
600 872 718 924 Catonis
849 874 882 923 50

143 941 212 994 Nam
232 947 376 1011 postquam
403 940 506 992 frustra
530 940 656 1006 precibus
676 942 802 994 Cornelia

560 1016 659 1060 nautas
720 1055 722 1060 .

90 1080 262 1147 Privignique
274 1079 368 1150 iugem
377 1078 472 1140 tenuit,
483 1093 517 1128 ne
527 1076 599 1129 forte
611 1079 744 1147 repulsus,

90 1148 230 1199 Litoribus
241 1146 348 1199 Phariis
358 1151 494 1199 remearet
502 1147 531 1196 in
542 1161 663 1214 oequorn
673 1154 794 1210 truncus,

91 1216 270 1296 Ostenditque
279 1232 375 1283 rogum
385 1231 439 1266 non
449 1215 515 1265 iusti
527 1213 636 1266 flamme
646 1214 795 1283 sepulchri:

91 1285 169 1352 Ergo
179 1283 292 1352 indigna
298 1284 355 1355 fai,
367 1283 443 1344 dixit,
454 1281 592 1343 Fortuna,
605 1282 703 1334 marito
849 1287 881 1335 55

92 1351 248 1403 Accendisse
258 1368 362 1420 rogum,
370 1351 523 1419 gelidosque
534 1348 623 1416 effusa
633 1368 684 1417 per
695 1362 773 1403 artrss

92 1418 246 1473 Incubuisse
257 1419 332 1471 niro?
342 1421 444 1470 luceres
455 1433 568 1470 exurere
579 1418 683 1470 enims!

93 1487 266 1553 Membraque
277 1487 390 1553 dispersi
397 1490 497 1554 pelago
509 1501 662 1553 componere
673 1486 786 1554 Magni?

98 1555 256 1609 Vulneribus
267 1555 371 1608 cunetis
383 1557 475 1624 largos
485 1554 631 1674 iqfnndere
638 1553 736 1619 fletus?

94 1624 204 1679 Ossibus
215 1635 242 1677 et
252 1625 343 1693 tepida
354 1633 438 1676 uestes
449 1624 504 1690 imp
515 1641 559 1675 ere
564 1623 685 1696 fanilla!
849 1629 883 1678 tio

96 1693 234 1760 Quidquid
241 1693 274 1745 ab
286 1692 405 1746 extincto
417 1691 537 1746 licuisset
547 1696 640 1745 tollere
648 1692 734 1756 busto,

91 1764 124 1817 ln
133 1764 237 1831 templis
247 1780 377 1829 sparsura
388 1765 472 1815 deusn.
491 1761 556 1816 Sine
560 1762 671 1834 funeris
682 1767 736 1816 nlla

92 1834 178 1884 Ardet
189 1834 287 1885 bonore
298 1849 397 1902 rogus:
415 1848 509 1884 munus
520 1831 570 1883 boc
580 1831 716 1902 Aegyptia
720 1834 821 1903 fcrsnu

93 1900 202 1956 Obtulit
213 1899 333 1966 officium
342 1918 429 1971 grans
439 1900 569 1952 inanibus.
590 1898 615 1953 0
626 1900 688 1953 bene
698 1904 763 1955 nudi

94 1968 253 2021 Crassorum
265 1970 384 2023 cineres!
401 1969 530 2036 Pompeio
539 1969 658 2036 contigit
670 1971 743 2039 ignis
850 1975 882 2023 65

94 2039 199 2089 invidio
211 2039 312 2090 maiore
324 2039 406 2090 dnum.
425 2038 561 2092 Similisne
570 2041 700 2090 malcrum

92 2105 332 2171 Sorsmibisernper
343 2106 413 2157 erit?
424 2107 640 2174 namquamdare
649 2107 726 2159 basta
732 2109 823 2160 licebit

93 2172 276 2241 Coniugibus:
291 2190 433 2239 numquam
442 2176 536 2239 plenos
548 2178 707 2242 plurigemas
726 2179 762 2227 ad
779 2195 821 2226 nr-

564 2243 633 2294 nael

93 2311 165 2376 Quid
170 2326 253 2377 porra
265 2308 374 2362 tremulis
384 2325 449 2376 opus
460 2319 508 2370 est,
519 2319 568 2359 aut
580 2313 635 2361 ulla
648 2311 763 2378 requiris

94 2381 284 2441 Instrumenta,
299 2379 395 2430 dolor?
415 2378 473 2431 Non
485 2386 541 2428 toto
550 2388 659 2444 pectore
667 2391 763 2447 portas
851 2385 884 2430 tu

94 2449 182 2516 Impia
192 2448 371 2516 Pompeium?-
381 2465 433 2500 non
444 2446 504 2498 imis
516 2445 608 2499 iceret
618 2447 710 2517 imago

97 2516 269 2572 Visceribus?
288 2518 411 2581 Quaerat
422 2517 524 2568 cineres
533 2515 639 2568 uictura
651 2528 793 2584 superstes.

91 2588 170 2641 Nunc
179 2599 279 2650 tamen,
290 2587 354 2640 bine
365 2589 445 2655 lange
458 2586 504 2652 qssi
510 2586 608 2655 fulget
617 2588 676 2638 luce
688 2587 807 2655 maligno

90 2658 108 2709 1
149 2657 156 2670 ⁸
174 2658 280 2720 ,adbuc
290 2657 396 2724 aliquid
402 2694 409 2719 ,
421 2654 526 2708 Pbario
540 2657 570 2707 tle
581 2655 661 2706 litore
671 2672 794 2724 surgens,

119 2727 219 2779 stendit
230 2725 304 2788 mibi,
318 2726 424 2796 Magne,
437 2725 486 2776 tui.
507 2723 683 2844 losrrslanlquza
696 2725 804 2782 resedit,
850 2729 864 2775 's
869 2729 882 2774 5
