1980 3074
191 220 478 275 Pnansnbln.
512 223 605 276 ΗΒ.
627 223 697 276 Vll.
759 224 807 273 141

77 337 206 399 Vocibus,
220 345 248 389 et
260 339 356 404 plausu
369 355 470 392 cuneos
481 349 587 393 certare
598 350 735 394 sonantes.

80 406 174 466 Qualis
185 412 245 456 erat
257 408 350 474 populi
360 408 445 460 facies
457 409 612 477 clamorque
622 410 747 472 faventis,

79 475 150 524 Olim
163 489 224 523 cum
233 474 346 537 iuvenis,
357 477 489 544 prImique
499 484 590 529 aetate
600 477 732 544 triumphi
845 514 851 523 -

77 544 146 592 Post
158 542 275 592 domitas
284 550 387 610 gentes,
399 560 465 611 quas
475 551 582 596 torrens
593 545 677 597 ambit
687 547 789 608 Iberus,
839 547 869 595 15

79 613 115 661 Et
125 624 311 677 quaecumque
320 610 405 680 fugax
415 610 553 664 Sertorius
563 614 669 680 impulit
680 629 764 676 arnse,

80 681 201 745 Vespere
214 685 322 745 pacato,
334 695 402 746 pure
410 681 572 733 venerabilis
586 697 679 750 aeque,

81 750 168 809 Quam
181 763 276 800 currus
287 753 412 813 ornante,
422 755 499 818 toga,
509 750 655 817 plaudente
666 757 772 814 senatu,

80 816 157 868 Sedit
167 814 256 868 adhuc
266 817 404 870 Romanus
416 833 507 886 eques.
537 817 591 870 Seu
602 820 655 871 dne
666 821 799 872 bonorum

80 886 165 936 Anxia
174 887 295 938 venturis
305 887 340 938 ad
351 893 477 955 tempore
484 888 560 940 laeta
568 887 682 957 refugit:
837 891 870 937 20

81 953 142 1006 Sirc
153 969 202 1020 per
212 956 340 1024 ambages
351 956 446 1009 solitas
456 959 664 1010 contrariarisis

80 1024 237 1075 Vaticinata
248 1025 333 1092 quies,
344 1027 435 1094 magni
446 1026 510 1078 tulit
522 1028 612 1078 emina
623 1028 761 1094 planctus:

80 1092 225 1143 Seuvetito
237 1095 340 1159 patrias
350 1095 423 1146 ultra
432 1094 483 1146 tibi
494 1110 607 1147 cernere
616 1096 705 1158 sedes,

80 1161 125 1212 Sic
135 1161 249 1212 Romam
257 1163 381 1214 Fortuna
390 1164 475 1215 dedit.
504 1163 546 1215 Ne
557 1166 675 1231 rumpite
686 1180 805 1224 somnos,

81 1232 238 1280 Castrorum
248 1230 353 1297 vigiles,
363 1233 451 1284 nullas
461 1231 529 1283 tuba
537 1231 666 1284 verberet
675 1247 763 1282 aures.
838 1231 872 1278 25

81 1299 206 1348 Crastina
219 1299 277 1349 dira
288 1300 373 1365 quies,
384 1306 413 1350 et
423 1301 541 1367 imagine
552 1306 660 1351 moesta
672 1300 768 1349 diurna

81 1366 202 1432 Undique
213 1364 336 1417 funestas
343 1369 416 1418 acies
427 1367 507 1428 feret,
518 1368 636 1434 undiquc
645 1368 754 1418 bellum.

81 1435 156 1485 Unde
167 1449 247 1499 pares
258 1450 368 1487 somnos
378 1436 480 1502 populi,
491 1440 653 1503 noctemque
662 1434 787 1486 beatnm'l

80 1505 103 1554 0
117 1502 191 1565 felix,
202 1504 226 1553 si
238 1509 265 1554 te
276 1502 319 1553 sel
330 1504 370 1554 sic
382 1509 431 1554 tua
441 1504 530 1555 Roma
539 1503 652 1554 rideret.

79 1573 237 1623 Donassent
247 1572 351 1622 utinam
360 1573 452 1639 superi
463 1573 623 1639 patriaeque
632 1573 736 1640 tibique
839 1572 871 1622 3⁰

79 1643 176 1703 Unum,
187 1642 297 1709 Magne,
310 1641 454 1709 diemque
466 1640 519 1693 fati
528 1647 618 1693 certus
628 1647 742 1709 uterquc

79 1712 319 1765 Extremumtanti
329 1710 448 1762 fructum
461 1711 595 1778 caperetis
607 1711 714 1762 amoris.

79 1781 123 1830 Tu
132 1779 207 1830 velut
216 1780 336 1832 Ausonia
345 1781 422 1832 radis
433 1782 580 1831 moriturus
590 1781 618 1831 in
628 1779 709 1832 urbe:

78 1849 128 1899 llla
137 1850 189 1900 rati
201 1863 310 1916 semper
319 1850 354 1903 de
363 1857 391 1902 te
402 1851 454 1902 sibi
465 1849 576 1901 conscia
585 1850 644 1900 voti

78 1919 140 1968 Hoc
151 1917 239 1970 scelus
251 1916 323 1970 haud
333 1934 459 1988 umquem
471 1918 536 1970 fetis
546 1916 659 1971 haerere
670 1920 786 1986 putarit,
837 1916 871 1965 35

80 1985 124 2037 Sic
136 2002 165 2038 se
176 1987 269 2039 dilecti
280 1989 411 2040 tumulum
419 2003 527 2056 quoque
538 1989 653 2055 perdere
664 1989 766 2056 Magni.

80 2057 121 2105 Te
131 2056 217 2106 mixto
228 2054 320 2108 desset
330 2057 414 2119 luctu,
422 2057 589 2124 iuvenisque,
600 2071 747 2124 senexque,

79 2125 198 2176 iniussus
215 2140 339 2190 uepner:
356 2125 515 2188 lacerasset,
527 2127 601 2177 crine
611 2125 711 2186 soluto,

82 2140 364 2255 Pectoraqiemineum,
376 2208 426 2245 ceu
438 2195 515 2245 Bruti
526 2194 631 2256 funere,
640 2193 746 2260 vulgus.

82 2260 159 2310 Nunc
171 2276 286 2328 qnoque,
297 2261 353 2312 tela
364 2263 428 2315 licet
438 2269 557 2330 paveant
567 2263 679 2314 victoris
690 2260 784 2326 iniqui,
837 2261 872 2306 40

82 2329 194 2380 ¹Vuntict
203 2331 262 2396 ipse
272 2329 338 2382 licet
347 2332 449 2384 Caesar
457 2339 507 2384 tua
517 2331 623 2393 funera,
635 2329 751 2381 sscbuntz

81 2398 134 2448 Sed
147 2398 210 2448 dum
222 2405 283 2450 tura
293 2398 392 2463 ferunt,
410 2399 473 2452 dum
483 2400 579 2451 laurea
589 2404 665 2450 serta
674 2397 803 2447 Tonanti.

81 2468 103 2517 0
115 2468 215 2530 miseri,
227 2482 342 2535 quorum
350 2469 467 2537 gemitus
478 2467 697 2527 ederedolorem,

82 2538 134 2596 Qui
145 2545 171 2589 te
181 2552 236 2588 non
246 2538 325 2605 pleno
338 2537 441 2605 pariter
452 2538 581 2605 planxere
592 2533 715 2588 theatro!

83 2605 194 2656 Vicerat
204 2612 278 2658 astra
287 2605 375 2669 inber,
386 2622 448 2657 cum
459 2607 546 2656 mixto
556 2619 694 2656 murmure
704 2600 787 2652 turba
838 2599 872 2647 45

85 2675 238 2725 Castrorum
248 2674 367 2738 fremuit,
379 2674 496 2742 fatisque
507 2671 678 2725 trahentibus
689 2668 793 2732 orbem,

83 2741 165 2808 Signa
175 2744 244 2808 petit
254 2758 371 2812 pugnae.
400 2743 495 2795 Miseri
508 2757 571 2809 pers
581 2743 701 2794 maxima
709 2738 782 2806 vulgi
