1980 3074
204 167 491 219 Prinassum.
527 167 618 219 [ΑΒ.
649 168 736 223 Vlll.
787 169 837 220 iat

98 290 159 339 llac
170 287 242 338 facie
254 288 377 338 Fortuna
386 285 436 336 tibi
447 288 571 338 Pennana
581 288 717 355 placebas.

98 358 155 408 Nec
167 357 234 407 satis
254 354 367 406 infando
379 353 431 405 luit
440 353 494 408 hoc
505 357 605 407 vidisse
616 363 748 423 tyrannot

98 427 163 479 Vult
174 425 271 476 sceleri
282 438 426 490 superesse
437 425 526 477 lldem.
547 426 626 476 Tunc
638 431 698 477 arte
708 424 827 476 nefanda

99 495 231 547 Submota
241 499 283 544 est
295 493 378 560 capiti
389 492 482 545 tabeat
501 499 635 561 raptoque
646 494 760 546 cerebro

99 565 248 616 Exsiccata
259 563 338 623 eutis,
351 563 492 630 putrisque
502 561 608 612 effluxit
620 561 654 614 ab
665 562 721 615 alto
845 560 896 612 690

98 634 214 693 Humor,
226 637 255 682 et
264 630 355 681 infuso
366 629 452 682 iacies
462 631 581 682 solidata
590 646 695 683 veneno
706 638 757 684 est.

153 702 253 753 Ultima
263 699 376 768 Lageae
387 700 488 767 stirpis,
499 702 674 769 posituraque
686 701 786 768 proles,

101 773 235 838 Degener,
246 771 369 820 incestae
380 769 497 836 sceptris
507 783 620 822 cessure
631 770 743 833 sororis,

100 843 166 893 Cum
179 838 229 889 tibi
240 844 349 891 sacrato
360 838 497 891 Macedon
508 843 633 890 serretur
641 839 669 890 in
680 846 769 901 antro,

98 912 135 961 Et
147 924 240 976 regum
253 909 358 959 oneres
368 914 509 960 cxsuucto
520 915 614 960 monte
624 909 759 976 quiscant‚
846 906 896 957 695

99 980 166 1030 Cum
176 978 397 1029 Ptolemaeorum
407 992 501 1029 manes
512 979 664 1046 seriemque
673 977 828 1046 pudendum

99 1046 260 1113 Pyramides
273 1046 409 1108 claudant,
421 1045 587 1115 indignaque
597 1047 753 1098 Mausolea:

98 1117 197 1167 Litora
207 1117 368 1182 Pompeium
380 1113 491 1176 feriunt,
502 1120 668 1183 truncusque
679 1115 788 1166 vadosis

99 1187 161 1236 llue
171 1185 236 1235 illue
245 1185 366 1235 iactatur
377 1185 462 1252 aquis.
487 1183 598 1236 Adeone
609 1184 724 1235 molesta

100 1256 203 1305 'lotum
216 1268 283 1304 cura
292 1252 344 1303 luit
354 1267 453 1304 socero
465 1267 575 1304 servare
586 1251 722 1303 cadaveri
848 1252 898 1299 tou

102 1324 161 1373 llac
172 1323 296 1373 Fortuna
308 1321 361 1371 lide
373 1322 468 1390 Magni
478 1327 536 1372 tam
548 1334 682 1388 prospera
691 1319 751 1370 lata

99 1391 228 1444 Pertulit:
248 1388 300 1441 liae
309 1389 383 1440 illum
396 1404 501 1441 summo
513 1390 547 1440 de
558 1389 674 1440 culmine
686 1403 775 1440 rerum

99 1462 191 1513 Morte
204 1461 282 1526 petit,
293 1459 439 1527 cladesque
452 1473 546 1510 omnes
556 1459 648 1527 exegit
658 1459 685 1508 in
697 1473 751 1508 uno

101 1531 189 1582 Saeva
199 1530 251 1592 die,
264 1529 361 1597 quibus
368 1529 501 1581 immunes
511 1534 555 1580 tot
565 1529 704 1596 praestitit
715 1542 814 1579 annosi

101 1600 301 1667 Pompeiusque
311 1597 372 1660 fuit,
384 1599 429 1667 qui
439 1614 585 1666 numquam
596 1599 683 1650 mixta
693 1596 797 1648 videret
847 1595 898 1646 toi

102 1668 190 1721 Laeto
200 1669 293 1720 malis:
312 1667 378 1719 felix
388 1668 461 1720 nullo
472 1667 600 1720 tiuhante
611 1667 734 1730 deorum,

103 1741 137 1791 Et
147 1739 220 1790 nullo
233 1744 364 1806 parcente
376 1739 466 1790 miser.
486 1736 576 1790 Semel
586 1737 693 1806 impulit
703 1737 777 1788 illum

100 1809 193 1860 Dilata
205 1809 328 1860 Fortuna
339 1823 429 1859 uranu.
449 1807 578 1859 Pulsatur
589 1808 688 1870 arenis,

102 1879 229 1943 Carpitur
239 1879 265 1927 in
278 1877 406 1944 scopulis,
417 1874 516 1928 hausto
527 1892 577 1944 per
587 1877 701 1930 vulnera
711 1874 804 1937 lluctu,

102 1945 262 1996 Ludibrium
274 1946 376 2013 pelagi:
396 1945 522 2012 nullaque
533 1951 660 1997 manente
671 1945 768 2013 figura,
850 1945 900 1993 tio

104 2015 163 2065 Una
173 2018 240 2062 nota
250 2019 293 2063 est
302 2013 350 2062 ltla
388 2028 404 2063 o
417 2014 515 2080 capitis
526 2014 634 2066 iactura
643 2013 751 2065 revulsi.

154 2028 844 2149 AntetamenPfinariasvictorquamtangatarenas‚

104 2148 235 2216 Pompeio
248 2149 347 2214 raptim
358 2147 489 2199 tumulum
501 2149 624 2200 Fortuna
634 2151 750 2217 pararit,

104 2218 144 2270 Ne
156 2219 248 2270 iaceat
260 2217 342 2278 nullo,
353 2216 396 2268 vel
406 2231 441 2267 ne
451 2215 564 2268 meliore
575 2214 730 2284 sepulchro.

105 2290 126 2340 E
137 2287 251 2340 latebris
264 2286 377 2353 pauidus
389 2285 510 2337 decurrit
520 2285 554 2336 ad
566 2300 687 2354 aequora
697 2286 808 2338 Cordus
851 2286 902 2337 715

104 2359 242 2419 Quaestor
254 2355 287 2407 ab
296 2355 383 2407 idalio
394 2355 546 2422 Cinyraeae
556 2355 637 2407 litore
645 2357 728 2423 Cypri

103 2426 241 2478 infaustus
251 2425 345 2495 Magni
357 2423 449 2476 iuerat
459 2439 560 2476 comes.
581 2424 628 2475 llle
639 2424 808 2493 perumbrat

102 2499 190 2548 Ausus
200 2495 274 2548 lcrre
286 2494 410 2564 gradum,
422 2494 524 2546 victum
536 2495 640 2562 pietate
651 2493 776 2545 timorem

104 2566 248 2633 Compulit,
259 2572 290 2615 ut
299 2563 396 2616 mediis
407 2564 561 2632 quaesitum
572 2578 672 2631 corpus
682 2564 709 2614 in
721 2562 799 2613 undis

104 2635 226 2686 Duceret
233 2634 385 2697 adterram,
394 2632 843 2751 traheretquewlitomMaqnum.
854 2634 905 2682 72⁰

104 2703 188 2754 Lucis
201 2709 308 2754 moesta
319 2718 415 2769 parum
427 2717 476 2770 per
486 2703 584 2754 densas
596 2700 715 2770 Cynthia
724 2718 759 2752 nu
780 2717 810 2752 os
