1980 3074
161 176 212 224 2⁰2
339 172 376 220 ll.
412 169 515 224 ANN.
551 170 735 225 LUGAM

161 277 280 333 Cervicis
289 275 380 344 precio
391 276 453 329 bene
463 294 491 328 se
503 292 561 328 urea
572 275 654 346 signs
665 286 795 330 uestem.

161 347 233 410 Quin
244 349 329 418 agite,
343 355 371 397 et
382 362 482 416 magna
492 345 618 397 meritum
627 362 687 399 cum
697 347 780 398 caede
791 360 904 414 parate:

160 418 291 481 lenaeum
302 418 387 468 scelus
398 424 438 467 ert
445 424 552 468 tentum
557 415 643 486 fuga.
662 415 753 485 Dixit:
764 422 795 469 et
804 432 904 471 omnes

159 487 241 539 Haud
252 487 331 540 aliter
341 485 433 536 medio
447 486 589 537 revocarit
598 485 634 537 ab
649 498 770 553 aequore
785 500 903 555 puppes,

99 557 148 606 285
164 559 253 620 Quam
263 555 343 608 simul
349 554 448 607 effetas
457 555 582 622 linquunt
593 557 721 606 examina
731 568 822 618 cem,

158 629 246 695 Atque
258 626 345 678 oblita
355 623 410 676 fari
420 638 474 675 uon
484 626 600 676 miscent
611 624 726 676 nexibus
736 624 805 688 alas,

159 695 214 748 Sed
225 695 277 747 sibi
286 708 412 763 quaeque
423 693 507 755 volat,
518 709 569 745 nec
578 695 633 744 iam
640 692 902 761 degustata-tunm

158 765 307 816 Desidiosa
315 762 452 830 thymum:
469 760 583 830 Phrygii
594 779 677 814 sonus
683 764 811 831 increpat
818 768 903 830 aeris,

157 835 299 886 Attonitae
311 847 428 900 posuere
437 831 540 900 iugum,
552 833 726 900 studiumque
736 831 841 885 laboris

97 903 148 954 200
158 902 286 956 Floriferi
297 907 434 967 repetunt,
447 907 475 951 et
485 903 573 968 sparsi
582 901 670 954 mellis
681 916 820 954 amorem:

158 972 268 1024 Gaudet
277 974 305 1022 in
317 970 446 1037 Hyblaeo
458 986 571 1022 securus
581 973 704 1041 gramine
714 979 812 1039 pastor

157 1042 274 1093 Divitias
286 1054 410 1093 servasse
422 1055 517 1091 cusae:
536 1042 576 1092 sic
588 1056 657 1093 voce
668 1042 782 1093 catonis

157 1110 298 1163 Inculcata
305 1110 371 1162 viris
379 1111 444 1162 iusti
454 1111 591 1176 patientia
599 1111 706 1162 Martis.

208 1181 320 1248 lamque
330 1185 394 1232 actu
403 1179 468 1231 belli
480 1195 534 1231 non
546 1180 644 1231 doctas
655 1179 728 1230 ferre
739 1181 862 1248 quietern

98 1249 147 1299 205
157 1251 306 1302 Constituit
315 1256 430 1312 mentes,
442 1251 566 1318 serieque
577 1251 682 1318 agitare
694 1248 829 1301 laborum.

157 1320 278 1372 Primum
289 1320 394 1372 lltoreis
404 1319 481 1371 miles
491 1319 612 1370 lassatur
621 1320 725 1371 arenis:

155 1390 300 1442 Proximus
309 1391 337 1440 in
348 1404 450 1453 muros,
460 1394 489 1440 et
498 1389 608 1440 moenia
617 1390 788 1455 Cyrenarum

155 1459 206 1511 Est
214 1459 308 1512 labor:
327 1459 454 1511 exclusus
463 1458 538 1510 nulle
547 1473 578 1510 se
588 1458 711 1510 vindicat
721 1459 777 1510 ira:

155 1529 303 1598 Poenaque
314 1528 348 1580 de
359 1529 439 1580 victis
449 1528 511 1580 solu
520 1534 572 1591 est,
582 1529 690 1591 vicisse,
702 1529 810 1580 Catoni.

97 1598 148 1646 300
159 1598 225 1650 lude
236 1600 293 1666 peti
304 1598 408 1665 placuit
417 1597 517 1665 Libyci
528 1599 699 1649 contermina
707 1598 814 1650 Mauris

155 1667 251 1736 Regna
262 1666 355 1729 lubae,
370 1667 419 1718 sed
429 1668 485 1720 iter
492 1666 590 1718 mediis
599 1673 698 1718 natura
706 1666 821 1719 vetabat

157 1733 298 1802 Syrtibust
316 1733 367 1786 hes
378 1735 469 1786 audax
480 1743 574 1802 sperat
584 1735 635 1787 sibi
647 1735 747 1788 cedere
756 1737 854 1787 virtus.

157 1802 263 1870 Syrtes,
274 1802 318 1853 vel
328 1805 443 1869 primum
453 1805 555 1856 mundo
567 1811 665 1856 natura
675 1805 791 1873 liguram

157 1873 223 1924 Cum
236 1872 324 1934 deret,
333 1872 361 1922 in
372 1872 455 1923 dubio
465 1873 556 1942 pelagi
568 1879 713 1942 terraeque
724 1874 849 1943 reliqult3

96 1941 145 1992 305
156 1939 239 2002 (Nam
249 1955 338 2007 neque
343 1940 467 2001 subsedit
476 1944 593 2009 penitus,
599 1958 653 2011 quo
658 1949 758 2012 stagna
766 1942 898 2011 profundi

155 2011 309 2077 Acciperet,
319 2024 372 2062 uec
380 2025 411 2061 se
421 2010 546 2063 defendit
556 2012 590 2063 ab
600 2027 720 2081 aequore
731 2011 821 2076 tellus,

155 2078 289 2148 Ambigua
298 2078 348 2131 sed
358 2078 420 2148 lege
430 2080 484 2131 loci
493 2081 567 2133 iacet
577 2082 651 2133 inda
660 2081 754 2146 sedes3

154 2150 281 2218 Aequora
291 2148 382 2201 fracta
391 2150 478 2212 rudis,
486 2149 656 2218 abruptaque
664 2157 740 2202 terra
747 2150 899 2217 profundo,

155 2218 193 2269 Et
202 2225 266 2285 post
276 2219 362 2270 multa
371 2225 471 2270 sonant
480 2220 597 2285 proiecti
607 2219 691 2271 litora
699 2217 808 2272 fluctus.

95 2285 146 2335 310
157 2284 203 2338 Sic
213 2287 284 2339 male
296 2287 426 2351 deseruit,
438 2288 581 2356 nullosque
592 2290 685 2358 exegit
694 2289 722 2341 in
732 2304 799 2340 usus

155 2355 236 2408 lianc
266 2362 353 2408 artem
366 2358 542 2422 naturasui.)
570 2359 613 2410 vel
625 2359 732 2426 plenior
742 2358 799 2410 alto

156 2425 227 2476 Olim
239 2373 329 2492 Spyrtis
339 2432 408 2487 erut,
419 2426 518 2495 pelago
529 2428 691 2495 penitusque
700 2427 832 2480 nutabutr

155 2494 209 2545 Sed
220 2496 332 2562 rapidus
343 2496 426 2546 Titan
437 2500 522 2562 ponto
533 2512 584 2548 suu
592 2496 695 2548 lumina
706 2511 835 2562 pascens,

154 2567 281 2631 Aequora
291 2564 420 2616 subduxit
429 2579 517 2616 zonae
525 2567 615 2618 vicina
624 2572 767 2636 perustae:

93 2631 144 2683 315
156 2634 192 2684 Et
203 2649 275 2684 nunc
285 2640 385 2700 pontus
395 2631 485 2684 adbuc
494 2631 608 2686 Phoebo
619 2637 741 2689 siccante
749 2639 903 2708 repugnat.

153 2702 220 2752 Mox
231 2701 278 2753 ubi
291 2701 451 2753 damnosum
463 2703 556 2754 radios
566 2705 720 2758 admoverit
729 2721 838 2771 aevum
