<?xml version="1.0" encoding="UTF-8"?>
<!DOCTYPE html PUBLIC "-//W3C//DTD XHTML 1.0 Transitional//EN"
    "http://www.w3.org/TR/xhtml1/DTD/xhtml1-transitional.dtd">
<html xmlns="http://www.w3.org/1999/xhtml" xml:lang="en" lang="en">
 <head>
  <title>
</title>
<meta http-equiv="Content-Type" content="text/html;charset=utf-8" />
  <meta name='ocr-system' content='tesseract 3.04.00' />
  <meta name='ocr-capabilities' content='ocr_page ocr_carea ocr_par ocr_line ocrx_word'/>
</head>
<body>
  <div class='ocr_page' id='page_1' title='image "./pharsaliacumind00lucagoog_0193.png"; bbox 0 0 1980 3074; ppageno 0'>
   <div class='ocr_carea' id='block_1_1' title="bbox 158 121 719 174">
    <p class='ocr_par' dir='ltr' id='par_1_1' title="bbox 158 121 719 174">
     <span class='ocr_line' id='line_1_1' title="bbox 158 121 719 174; baseline 0 -2"><span class='ocrx_word' id='word_1_1' title='bbox 158 124 206 172; x_wconf 81' lang='grc'><em>180</em></span> <span class='ocrx_word' id='word_1_2' title='bbox 328 124 366 173; x_wconf 90' lang='grc' dir='ltr'><em>Μ.</em></span> <span class='ocrx_word' id='word_1_3' title='bbox 401 121 503 173; x_wconf 77' lang='grc' dir='ltr'><strong>ΑΝΝ.</strong></span> <span class='ocrx_word' id='word_1_4' title='bbox 538 121 719 174; x_wconf 69' lang='lat' dir='ltr'><em>Luceni</em></span> 
     </span>
    </p>
   </div>
   <div class='ocr_carea' id='block_1_2' title="bbox 154 238 891 378">
    <p class='ocr_par' dir='ltr' id='par_1_2' title="bbox 154 238 891 378">
     <span class='ocr_line' id='line_1_2' title="bbox 155 238 891 308; baseline 0.004 -20"><span class='ocrx_word' id='word_1_5' title='bbox 155 241 209 292; x_wconf 79' lang='lat' dir='ltr'><em>¹int</em></span> <span class='ocrx_word' id='word_1_6' title='bbox 222 241 305 291; x_wconf 80' lang='lat' dir='ltr'><em>iouis:</em></span> <span class='ocrx_word' id='word_1_7' title='bbox 317 240 344 292; x_wconf 84' lang='lat' dir='ltr'><em>in</em></span> <span class='ocrx_word' id='word_1_8' title='bbox 356 243 413 291; x_wconf 83' lang='lat' dir='ltr'><em>sola</em></span> <span class='ocrx_word' id='word_1_9' title='bbox 426 250 505 292; x_wconf 80' lang='lat' dir='ltr'><em>tantu</em></span> <span class='ocrx_word' id='word_1_10' title='bbox 518 238 670 308; x_wconf 79' lang='lat' dir='ltr'><em>estfiduos&#39;o</em></span> <span class='ocrx_word' id='word_1_11' title='bbox 682 239 754 291; x_wconf 79' lang='lat' dir='ltr'><em>Ns&#39;io.</em></span> <span class='ocrx_word' id='word_1_12' title='bbox 887 280 891 285; x_wconf 88' lang='lat'>.</span> 
     </span>
     <span class='ocr_line' id='line_1_3' title="bbox 154 307 889 378; baseline 0.003 -19"><span class='ocrx_word' id='word_1_13' title='bbox 154 307 889 378; x_wconf 45' lang='lat' dir='ltr'><em>*SceptrapuerPteleonoenodndet‚tibidedt&#39;thngne,</em></span> 
     </span>
    </p>
   </div>
   <div class='ocr_carea' id='block_1_3' title="bbox 92 377 888 2714">
    <p class='ocr_par' dir='ltr' id='par_1_3' title="bbox 92 377 888 2714">
     <span class='ocr_line' id='line_1_4' title="bbox 157 377 849 440; baseline 0.003 -11"><span class='ocrx_word' id='word_1_14' title='bbox 157 377 269 429; x_wconf 76' lang='lat' dir='ltr'><em>Tutelae</em></span> <span class='ocrx_word' id='word_1_15' title='bbox 280 377 418 429; x_wconf 78' lang='lat' dir='ltr'><em>commisso</em></span> <span class='ocrx_word' id='word_1_16' title='bbox 428 387 501 429; x_wconf 87' lang='lat' dir='ltr'><em>tuae.</em></span> <span class='ocrx_word' id='word_1_17' title='bbox 522 377 588 440; x_wconf 83' lang='lat' dir='ltr'><em>Quis</em></span> <span class='ocrx_word' id='word_1_18' title='bbox 600 377 715 429; x_wconf 80' lang='lat' dir='ltr'><em>nominis</em></span> <span class='ocrx_word' id='word_1_19' title='bbox 726 378 849 431; x_wconf 81' lang='lat' dir='ltr'><em>umbrone</em></span> 
     </span>
     <span class='ocr_line' id='line_1_5' title="bbox 92 445 871 514; baseline 0.003 -18"><span class='ocrx_word' id='word_1_20' title='bbox 92 447 143 497; x_wconf 79' lang='lat'><em>450</em></span> <span class='ocrx_word' id='word_1_21' title='bbox 157 446 294 499; x_wconf 73' lang='lat' dir='ltr'><em>Horreoti</em></span> <span class='ocrx_word' id='word_1_22' title='bbox 316 447 434 499; x_wconf 78' lang='lat' dir='ltr'><em>Innocua</em></span> <span class='ocrx_word' id='word_1_23' title='bbox 444 457 485 497; x_wconf 80' lang='lat' dir='ltr'><em>eet</em></span> <span class='ocrx_word' id='word_1_24' title='bbox 495 456 587 497; x_wconf 83' lang='lat' dir='ltr'><em>oetas.-</em></span> <span class='ocrx_word' id='word_1_25' title='bbox 598 461 646 497; x_wconf 84' lang='lat' dir='ltr'><em>neo</em></span> <span class='ocrx_word' id='word_1_26' title='bbox 656 445 871 514; x_wconf 78' lang='lat' dir='ltr'><em>iurofidensque,</em></span> 
     </span>
     <span class='ocr_line' id='line_1_6' title="bbox 156 513 816 583; baseline 0.002 -18"><span class='ocrx_word' id='word_1_27' title='bbox 156 515 363 583; x_wconf 74' lang='lat' dir='ltr'><em>Respectumque</em></span> <span class='ocrx_word' id='word_1_28' title='bbox 374 516 448 566; x_wconf 80' lang='lat' dir='ltr'><em>desim</em></span> <span class='ocrx_word' id='word_1_29' title='bbox 459 516 556 566; x_wconf 85' lang='lat' dir='ltr'><em>oeters&#39;s</em></span> <span class='ocrx_word' id='word_1_30' title='bbox 567 513 716 580; x_wconf 72' lang='lat' dir='ltr'><em>spuootrt&#39;t</em></span> <span class='ocrx_word' id='word_1_31' title='bbox 728 516 816 566; x_wconf 83' lang='lat' dir='ltr'><em>oniae.</em></span> 
     </span>
     <span class='ocr_line' id='line_1_7' title="bbox 155 583 834 653; baseline 0.001 -20"><span class='ocrx_word' id='word_1_32' title='bbox 155 583 200 635; x_wconf 72' lang='lat' dir='ltr'><em>Ni!</em></span> <span class='ocrx_word' id='word_1_33' title='bbox 208 587 291 653; x_wconf 81' lang='lat' dir='ltr'><em>pudet</em></span> <span class='ocrx_word' id='word_1_34' title='bbox 299 586 423 636; x_wconf 83' lang='lat' dir='ltr'><em>adsuetos</em></span> <span class='ocrx_word' id='word_1_35' title='bbox 432 583 560 651; x_wconf 77' lang='lat' dir='ltr'><em>sceptris:</em></span> <span class='ocrx_word' id='word_1_36' title='bbox 571 583 713 634; x_wconf 74' lang='lat' dir='ltr'><em>mitissimo</em></span> <span class='ocrx_word' id='word_1_37' title='bbox 723 599 782 634; x_wconf 82' lang='lat' dir='ltr'><em>sors</em></span> <span class='ocrx_word' id='word_1_38' title='bbox 794 593 834 634; x_wconf 83' lang='lat' dir='ltr'><em>est</em></span> 
     </span>
     <span class='ocr_line' id='line_1_8' title="bbox 154 651 824 721; baseline -0.001 -19"><span class='ocrx_word' id='word_1_39' title='bbox 154 652 309 721; x_wconf 82' lang='lat' dir='ltr'><em>Regnorum</em></span> <span class='ocrx_word' id='word_1_40' title='bbox 320 653 368 704; x_wconf 81' lang='lat' dir='ltr'><em>ereb</em></span> <span class='ocrx_word' id='word_1_41' title='bbox 379 670 442 719; x_wconf 82' lang='lat' dir='ltr'><em>rege</em></span> <span class='ocrx_word' id='word_1_42' title='bbox 452 669 526 705; x_wconf 89' lang='lat' dir='ltr'><em>nooo.</em></span> <span class='ocrx_word' id='word_1_43' title='bbox 555 651 616 704; x_wconf 86' lang='lat' dir='ltr'><em>Non</em></span> <span class='ocrx_word' id='word_1_44' title='bbox 627 651 706 718; x_wconf 79' lang='lat' dir='ltr'><em>plura</em></span> <span class='ocrx_word' id='word_1_45' title='bbox 714 652 824 703; x_wconf 84' lang='lat' dir='ltr'><em>loeutus</em></span> 
     </span>
     <span class='ocr_line' id='line_1_9' title="bbox 153 720 887 788; baseline -0.001 -16"><span class='ocrx_word' id='word_1_46' title='bbox 153 723 262 788; x_wconf 79' lang='lat' dir='ltr'><em>Impulit</em></span> <span class='ocrx_word' id='word_1_47' title='bbox 273 721 326 773; x_wconf 86' lang='lat' dir='ltr'><em>hue</em></span> <span class='ocrx_word' id='word_1_48' title='bbox 338 723 450 773; x_wconf 86' lang='lat' dir='ltr'><em>animos.</em></span> <span class='ocrx_word' id='word_1_49' title='bbox 470 723 607 783; x_wconf 58' lang='lat' dir='ltr'><em>durantum</em></span> <span class='ocrx_word' id='word_1_50' title='bbox 618 735 681 786; x_wconf 80' lang='lat' dir='ltr'><em>spes</em></span> <span class='ocrx_word' id='word_1_51' title='bbox 690 720 787 772; x_wconf 83' lang='lat' dir='ltr'><em>ultima</em></span> <span class='ocrx_word' id='word_1_52' title='bbox 797 737 887 772; x_wconf 84' lang='lat' dir='ltr'><em>rerum</em></span> 
     </span>
     <span class='ocr_line' id='line_1_10' title="bbox 94 788 819 856; baseline 0 -17"><span class='ocrx_word' id='word_1_53' title='bbox 94 791 143 840; x_wconf 75' lang='lat'><em>455</em></span> <span class='ocrx_word' id='word_1_54' title='bbox 155 791 303 842; x_wconf 79' lang='lat' dir='ltr'>Libertatis</span> <span class='ocrx_word' id='word_1_55' title='bbox 314 788 409 843; x_wconf 83' lang='lat' dir='ltr'><em>habeti</em></span> <span class='ocrx_word' id='word_1_56' title='bbox 429 789 510 842; x_wconf 85' lang='lat' dir='ltr'><em>Victa</em></span> <span class='ocrx_word' id='word_1_57' title='bbox 520 796 562 841; x_wconf 84' lang='lat' dir='ltr'><em>eet</em></span> <span class='ocrx_word' id='word_1_58' title='bbox 572 788 708 842; x_wconf 81' lang='lat' dir='ltr'><em>sententia</em></span> <span class='ocrx_word' id='word_1_59' title='bbox 716 788 819 856; x_wconf 76' lang='lat' dir='ltr'><em>Magni.</em></span> 
     </span>
     <span class='ocr_line' id='line_1_11' title="bbox 205 859 887 926; baseline 0 -17"><span class='ocrx_word' id='word_1_60' title='bbox 205 861 282 909; x_wconf 78' lang='lat' dir='ltr'><em>&#39;sune</em></span> <span class='ocrx_word' id='word_1_61' title='bbox 294 860 406 909; x_wconf 82' lang='lat' dir='ltr'><em>Cilicum</em></span> <span class='ocrx_word' id='word_1_62' title='bbox 415 859 518 926; x_wconf 84' lang='lat' dir='ltr'><em>liquere</em></span> <span class='ocrx_word' id='word_1_63' title='bbox 528 859 624 919; x_wconf 81' lang='lat' dir='ltr'><em>solum,</em></span> <span class='ocrx_word' id='word_1_64' title='bbox 636 859 887 925; x_wconf 72' lang='lat' dir='ltr'><em>Cyproqueeitntns</em></span> 
     </span>
     <span class='ocr_line' id='line_1_12' title="bbox 155 926 759 995; baseline 0 -19"><span class='ocrx_word' id='word_1_65' title='bbox 155 927 293 977; x_wconf 79' lang='lat' dir='ltr'><em>Immisere</em></span> <span class='ocrx_word' id='word_1_66' title='bbox 305 933 393 988; x_wconf 84' lang='lat' dir='ltr'><em>rates,</em></span> <span class='ocrx_word' id='word_1_67' title='bbox 403 927 490 978; x_wconf 84' lang='lat' dir='ltr'><em>nullas</em></span> <span class='ocrx_word' id='word_1_68' title='bbox 501 928 545 978; x_wconf 83' lang='lat' dir='ltr'><em>eui</em></span> <span class='ocrx_word' id='word_1_69' title='bbox 555 926 685 995; x_wconf 82' lang='lat' dir='ltr'><em>praetulit</em></span> <span class='ocrx_word' id='word_1_70' title='bbox 696 941 759 977; x_wconf 83' lang='lat' dir='ltr'><em>arus</em></span> 
     </span>
     <span class='ocr_line' id='line_1_13' title="bbox 155 994 823 1064; baseline 0.001 -19"><span class='ocrx_word' id='word_1_71' title='bbox 155 994 248 1046; x_wconf 87' lang='lat' dir='ltr'><em>Undae</em></span> <span class='ocrx_word' id='word_1_72' title='bbox 262 996 325 1046; x_wconf 80' lang='lat' dir='ltr'><em>divo</em></span> <span class='ocrx_word' id='word_1_73' title='bbox 333 1010 438 1046; x_wconf 85' lang='lat' dir='ltr'><em>memor</em></span> <span class='ocrx_word' id='word_1_74' title='bbox 448 994 583 1064; x_wconf 78' lang='lat' dir='ltr'><em>Paphiae,</em></span> <span class='ocrx_word' id='word_1_75' title='bbox 595 996 618 1046; x_wconf 87' lang='lat' dir='ltr'><em>si</em></span> <span class='ocrx_word' id='word_1_76' title='bbox 629 995 739 1045; x_wconf 87' lang='lat' dir='ltr'><em>numina</em></span> <span class='ocrx_word' id='word_1_77' title='bbox 748 996 823 1046; x_wconf 82' lang='lat' dir='ltr'><em>nesci</em></span> 
     </span>
     <span class='ocr_line' id='line_1_14' title="bbox 156 1063 878 1131; baseline 0.003 -18"><span class='ocrx_word' id='word_1_78' title='bbox 156 1063 304 1124; x_wconf 82' lang='lat' dir='ltr'><em>Credimus,</em></span> <span class='ocrx_word' id='word_1_79' title='bbox 317 1070 531 1131; x_wconf 87' lang='lat' dir='ltr'><em>autquemquam</em></span> <span class='ocrx_word' id='word_1_80' title='bbox 538 1063 758 1130; x_wconf 77' lang='lat' dir='ltr'><em>iasesteoepisse</em></span> <span class='ocrx_word' id='word_1_81' title='bbox 765 1063 878 1115; x_wconf 84' lang='lat' dir='ltr'><em>deorum</em></span> 
     </span>
     <span class='ocr_line' id='line_1_15' title="bbox 94 1132 774 1201; baseline -0.001 -18"><span class='ocrx_word' id='word_1_82' title='bbox 94 1132 145 1183; x_wconf 67' lang='lat'><em>460</em></span> <span class='ocrx_word' id='word_1_83' title='bbox 157 1133 235 1183; x_wconf 79' lang='lat' dir='ltr'><em>Haeo</em></span> <span class='ocrx_word' id='word_1_84' title='bbox 245 1133 290 1182; x_wconf 92' lang='lat' dir='ltr'><em>ubi</em></span> <span class='ocrx_word' id='word_1_85' title='bbox 303 1132 423 1184; x_wconf 87' lang='lat' dir='ltr'><em>deseruit</em></span> <span class='ocrx_word' id='word_1_86' title='bbox 434 1133 581 1201; x_wconf 81' lang='lat' dir='ltr'><em>Pompeius</em></span> <span class='ocrx_word' id='word_1_87' title='bbox 592 1133 687 1194; x_wconf 87' lang='lat' dir='ltr'><em>litora,</em></span> <span class='ocrx_word' id='word_1_88' title='bbox 698 1137 774 1182; x_wconf 85' lang='lat' dir='ltr'><em>totos</em></span> 
     </span>
     <span class='ocr_line' id='line_1_16' title="bbox 155 1201 888 1270; baseline -0.001 -19"><span class='ocrx_word' id='word_1_89' title='bbox 155 1202 286 1252; x_wconf 79' lang='lat' dir='ltr'><em>Emensus</em></span> <span class='ocrx_word' id='word_1_90' title='bbox 299 1202 382 1269; x_wconf 83' lang='lat' dir='ltr'><em>cypri</em></span> <span class='ocrx_word' id='word_1_91' title='bbox 392 1202 529 1269; x_wconf 87' lang='lat' dir='ltr'><em>scopulos,</em></span> <span class='ocrx_word' id='word_1_92' title='bbox 542 1201 638 1270; x_wconf 89' lang='lat' dir='ltr'><em>quibus</em></span> <span class='ocrx_word' id='word_1_93' title='bbox 649 1201 707 1252; x_wconf 86' lang='lat' dir='ltr'><em>exit</em></span> <span class='ocrx_word' id='word_1_94' title='bbox 715 1201 888 1263; x_wconf 60' lang='lat' dir='ltr'><em>industruna</em></span> 
     </span>
     <span class='ocr_line' id='line_1_17' title="bbox 156 1269 788 1322; baseline -0.005 -2"><span class='ocrx_word' id='word_1_95' title='bbox 156 1270 219 1321; x_wconf 87' lang='lat' dir='ltr'><em>inde</em></span> <span class='ocrx_word' id='word_1_96' title='bbox 230 1272 312 1322; x_wconf 81' lang='lat' dir='ltr'><em>maris</em></span> <span class='ocrx_word' id='word_1_97' title='bbox 321 1272 392 1321; x_wconf 86' lang='lat' dir='ltr'><em>vasti</em></span> <span class='ocrx_word' id='word_1_98' title='bbox 404 1277 559 1322; x_wconf 81' lang='lat' dir='ltr'><em>transverso</em></span> <span class='ocrx_word' id='word_1_99' title='bbox 570 1269 685 1321; x_wconf 81' lang='lat' dir='ltr'><em>vertitur</em></span> <span class='ocrx_word' id='word_1_100' title='bbox 696 1276 788 1319; x_wconf 81' lang='lat' dir='ltr'><em>aestu:</em></span> 
     </span>
     <span class='ocr_line' id='line_1_18' title="bbox 154 1337 824 1408; baseline 0 -20"><span class='ocrx_word' id='word_1_101' title='bbox 154 1337 210 1389; x_wconf 80' lang='lat' dir='ltr'><em>Nec</em></span> <span class='ocrx_word' id='word_1_102' title='bbox 221 1340 309 1390; x_wconf 87' lang='lat' dir='ltr'><em>tenuit</em></span> <span class='ocrx_word' id='word_1_103' title='bbox 318 1346 426 1408; x_wconf 87' lang='lat' dir='ltr'><em>gratum</em></span> <span class='ocrx_word' id='word_1_104' title='bbox 437 1346 572 1390; x_wconf 88' lang='lat' dir='ltr'><em>nocturno</em></span> <span class='ocrx_word' id='word_1_105' title='bbox 583 1339 684 1389; x_wconf 88' lang='lat' dir='ltr'><em>iumine</em></span> <span class='ocrx_word' id='word_1_106' title='bbox 693 1343 824 1400; x_wconf 83' lang='lat' dir='ltr'><em>montem,</em></span> 
     </span>
     <span class='ocr_line' id='line_1_19' title="bbox 153 1407 716 1476; baseline 0 -19"><span class='ocrx_word' id='word_1_107' title='bbox 153 1408 301 1476; x_wconf 78' lang='lat' dir='ltr'><em>infimoque</em></span> <span class='ocrx_word' id='word_1_108' title='bbox 311 1410 427 1476; x_wconf 74' lang='lat' dir='ltr'><em>Aegypti</em></span> <span class='ocrx_word' id='word_1_109' title='bbox 439 1409 555 1476; x_wconf 79' lang='lat' dir='ltr'><em>pugnaci</em></span> <span class='ocrx_word' id='word_1_110' title='bbox 564 1408 647 1458; x_wconf 89' lang='lat' dir='ltr'><em>litora</em></span> <span class='ocrx_word' id='word_1_111' title='bbox 655 1407 716 1458; x_wconf 79' lang='lat' dir='ltr'><em>velo</em></span> 
     </span>
     <span class='ocr_line' id='line_1_20' title="bbox 97 1476 769 1545; baseline 0.006 -21"><span class='ocrx_word' id='word_1_112' title='bbox 97 1477 143 1525; x_wconf 70' lang='lat' dir='ltr'><em>toi</em></span> <span class='ocrx_word' id='word_1_113' title='bbox 157 1477 209 1527; x_wconf 86' lang='lat' dir='ltr'><em>Vix</em></span> <span class='ocrx_word' id='word_1_114' title='bbox 220 1479 323 1545; x_wconf 81' lang='lat' dir='ltr'><em>tetigit,</em></span> <span class='ocrx_word' id='word_1_115' title='bbox 336 1493 389 1545; x_wconf 84' lang='lat' dir='ltr'><em>qua</em></span> <span class='ocrx_word' id='word_1_116' title='bbox 400 1477 501 1528; x_wconf 85' lang='lat' dir='ltr'><em>dividui</em></span> <span class='ocrx_word' id='word_1_117' title='bbox 510 1492 574 1543; x_wconf 83' lang='lat' dir='ltr'><em>pars</em></span> <span class='ocrx_word' id='word_1_118' title='bbox 584 1476 706 1526; x_wconf 77' lang='lat' dir='ltr'><em>maxima</em></span> <span class='ocrx_word' id='word_1_119' title='bbox 714 1476 769 1528; x_wconf 88' lang='lat' dir='ltr'><em>Nili</em></span> 
     </span>
     <span class='ocr_line' id='line_1_21' title="bbox 157 1546 766 1611; baseline 0.003 -17"><span class='ocrx_word' id='word_1_120' title='bbox 157 1546 184 1595; x_wconf 92' lang='lat' dir='ltr'><em>in</em></span> <span class='ocrx_word' id='word_1_121' title='bbox 196 1546 267 1596; x_wconf 84' lang='lat' dir='ltr'><em>vada</em></span> <span class='ocrx_word' id='word_1_122' title='bbox 279 1547 399 1597; x_wconf 79' lang='lat' dir='ltr'><em>decurrit</em></span> <span class='ocrx_word' id='word_1_123' title='bbox 410 1546 519 1597; x_wconf 80' lang='lat' dir='ltr'><em>Pelusia</em></span> <span class='ocrx_word' id='word_1_124' title='bbox 529 1546 660 1611; x_wconf 80' lang='lat' dir='ltr'><em>septimus</em></span> <span class='ocrx_word' id='word_1_125' title='bbox 671 1547 766 1597; x_wconf 84' lang='lat' dir='ltr'><em>amnis.</em></span> 
     </span>
     <span class='ocr_line' id='line_1_22' title="bbox 155 1613 855 1682; baseline 0.006 -20"><span class='ocrx_word' id='word_1_126' title='bbox 155 1614 275 1679; x_wconf 68' lang='lat' dir='ltr'><em>&#39;Tempus</em></span> <span class='ocrx_word' id='word_1_127' title='bbox 287 1621 359 1676; x_wconf 88' lang='lat' dir='ltr'><em>erat,</em></span> <span class='ocrx_word' id='word_1_128' title='bbox 372 1629 426 1682; x_wconf 91' lang='lat' dir='ltr'><em>quo</em></span> <span class='ocrx_word' id='word_1_129' title='bbox 437 1614 522 1665; x_wconf 84' lang='lat' dir='ltr'><em>Libra</em></span> <span class='ocrx_word' id='word_1_130' title='bbox 532 1628 612 1679; x_wconf 83' lang='lat' dir='ltr'><em>pares</em></span> <span class='ocrx_word' id='word_1_131' title='bbox 622 1614 761 1666; x_wconf 76' lang='lat' dir='ltr'><em>examinat</em></span> <span class='ocrx_word' id='word_1_132' title='bbox 772 1613 855 1666; x_wconf 84' lang='lat' dir='ltr'><em>horas</em></span> 
     </span>
     <span class='ocr_line' id='line_1_23' title="bbox 154 1681 797 1750; baseline 0.002 -18"><span class='ocrx_word' id='word_1_133' title='bbox 154 1681 216 1732; x_wconf 78' lang='lat' dir='ltr'><em>Non</em></span> <span class='ocrx_word' id='word_1_134' title='bbox 226 1697 280 1733; x_wconf 91' lang='lat' dir='ltr'><em>uno</em></span> <span class='ocrx_word' id='word_1_135' title='bbox 291 1683 351 1750; x_wconf 81' lang='lat' dir='ltr'><em>pius</em></span> <span class='ocrx_word' id='word_1_136' title='bbox 363 1698 451 1750; x_wconf 84' lang='lat' dir='ltr'><em>aequa</em></span> <span class='ocrx_word' id='word_1_137' title='bbox 463 1684 520 1745; x_wconf 82' lang='lat' dir='ltr'><em>die,</em></span> <span class='ocrx_word' id='word_1_138' title='bbox 531 1683 660 1750; x_wconf 89' lang='lat' dir='ltr'><em>noctique</em></span> <span class='ocrx_word' id='word_1_139' title='bbox 670 1684 797 1750; x_wconf 81' lang='lat' dir='ltr'><em>rependit</em></span> 
     </span>
     <span class='ocr_line' id='line_1_24' title="bbox 154 1749 771 1816; baseline 0.006 -17"><span class='ocrx_word' id='word_1_140' title='bbox 154 1750 216 1800; x_wconf 80' lang='lat' dir='ltr'><em>Lux</em></span> <span class='ocrx_word' id='word_1_141' title='bbox 226 1751 314 1800; x_wconf 88' lang='lat' dir='ltr'><em>ndnor</em></span> <span class='ocrx_word' id='word_1_142' title='bbox 325 1749 465 1816; x_wconf 82' lang='lat' dir='ltr'><em>hybernae</em></span> <span class='ocrx_word' id='word_1_143' title='bbox 476 1752 552 1802; x_wconf 83' lang='lat' dir='ltr'><em>verni</em></span> <span class='ocrx_word' id='word_1_144' title='bbox 561 1751 660 1803; x_wconf 84' lang='lat' dir='ltr'><em>solatia</em></span> <span class='ocrx_word' id='word_1_145' title='bbox 671 1751 771 1803; x_wconf 74' lang='lat' dir='ltr'><em>damni,</em></span> 
     </span>
     <span class='ocr_line' id='line_1_25' title="bbox 93 1820 792 1886; baseline 0.007 -19"><span class='ocrx_word' id='word_1_146' title='bbox 93 1821 144 1868; x_wconf 74' lang='lat' dir='ltr'><em>eto</em></span> <span class='ocrx_word' id='word_1_147' title='bbox 157 1820 296 1884; x_wconf 82' lang='lat' dir='ltr'><em>Comperit</em></span> <span class='ocrx_word' id='word_1_148' title='bbox 305 1825 337 1869; x_wconf 87' lang='lat' dir='ltr'><em>ut</em></span> <span class='ocrx_word' id='word_1_149' title='bbox 346 1833 439 1886; x_wconf 87' lang='lat' dir='ltr'><em>regem</em></span> <span class='ocrx_word' id='word_1_150' title='bbox 452 1821 532 1870; x_wconf 82' lang='lat' dir='ltr'><em>Casio</em></span> <span class='ocrx_word' id='word_1_151' title='bbox 544 1835 574 1872; x_wconf 87' lang='lat' dir='ltr'><em>se</em></span> <span class='ocrx_word' id='word_1_152' title='bbox 584 1826 677 1871; x_wconf 85' lang='lat' dir='ltr'><em>monte</em></span> <span class='ocrx_word' id='word_1_153' title='bbox 687 1825 792 1883; x_wconf 85' lang='lat' dir='ltr'><em>tenere,</em></span> 
     </span>
     <span class='ocr_line' id='line_1_26' title="bbox 155 1885 871 1951; baseline 0.006 -15"><span class='ocrx_word' id='word_1_154' title='bbox 155 1885 253 1937; x_wconf 78' lang='lat' dir='ltr'><em>iiectit</em></span> <span class='ocrx_word' id='word_1_155' title='bbox 262 1888 328 1937; x_wconf 82' lang='lat' dir='ltr'><em>iter:</em></span> <span class='ocrx_word' id='word_1_156' title='bbox 351 1902 403 1938; x_wconf 87' lang='lat' dir='ltr'><em>nee</em></span> <span class='ocrx_word' id='word_1_157' title='bbox 418 1885 546 1939; x_wconf 87' lang='lat' dir='ltr'><em>Phoebus</em></span> <span class='ocrx_word' id='word_1_158' title='bbox 562 1886 669 1951; x_wconf 84' lang='lat' dir='ltr'><em>adhue,</em></span> <span class='ocrx_word' id='word_1_159' title='bbox 685 1903 737 1940; x_wconf 87' lang='lat' dir='ltr'><em>nee</em></span> <span class='ocrx_word' id='word_1_160' title='bbox 753 1889 871 1941; x_wconf 77' lang='lat' dir='ltr'><em>carbasa</em></span> 
     </span>
     <span class='ocr_line' id='line_1_27' title="bbox 626 1957 764 2008; baseline 0.014 -2"><span class='ocrx_word' id='word_1_161' title='bbox 626 1957 669 2007; x_wconf 87' lang='lat' dir='ltr'><em>ian</em></span> <span class='ocrx_word' id='word_1_162' title='bbox 710 1964 764 2008; x_wconf 87' lang='lat' dir='ltr'><em>eat.</em></span> 
     </span>
     <span class='ocr_line' id='line_1_28' title="bbox 207 1973 887 2094; baseline 0.003 -20"><span class='ocrx_word' id='word_1_163' title='bbox 207 2025 264 2074; x_wconf 86' lang='lat' dir='ltr'><em>iam</em></span> <span class='ocrx_word' id='word_1_164' title='bbox 275 2024 371 2090; x_wconf 84' lang='lat' dir='ltr'><em>rapido</em></span> <span class='ocrx_word' id='word_1_165' title='bbox 383 2025 539 2093; x_wconf 84' lang='lat' dir='ltr'><em>speculator</em></span> <span class='ocrx_word' id='word_1_166' title='bbox 555 2040 638 2093; x_wconf 84' lang='lat' dir='ltr'><em>eques</em></span> <span class='ocrx_word' id='word_1_167' title='bbox 654 1973 796 2094; x_wconf 53' lang='lat' dir='ltr'><em>pglnmm</em></span> <span class='ocrx_word' id='word_1_168' title='bbox 806 2040 887 2077; x_wconf 84' lang='lat' dir='ltr'><em>eursu</em></span> 
     </span>
     <span class='ocr_line' id='line_1_29' title="bbox 157 2093 853 2160; baseline 0.006 -19"><span class='ocrx_word' id='word_1_169' title='bbox 157 2093 279 2158; x_wconf 76' lang='lat' dir='ltr'><em>Hospitis</em></span> <span class='ocrx_word' id='word_1_170' title='bbox 290 2094 407 2145; x_wconf 75' lang='lat' dir='ltr'><em>adventu</em></span> <span class='ocrx_word' id='word_1_171' title='bbox 418 2094 545 2159; x_wconf 74' lang='lat' dir='ltr'><em>paridam</em></span> <span class='ocrx_word' id='word_1_172' title='bbox 557 2094 743 2160; x_wconf 79' lang='lat' dir='ltr'><em>compleverat</em></span> <span class='ocrx_word' id='word_1_173' title='bbox 754 2095 853 2146; x_wconf 88' lang='lat' dir='ltr'><em>auiam.</em></span> 
     </span>
     <span class='ocr_line' id='line_1_30' title="bbox 156 2162 872 2229; baseline 0.001 -18"><span class='ocrx_word' id='word_1_174' title='bbox 156 2162 265 2212; x_wconf 85' lang='lat' dir='ltr'><em>Consilii</em></span> <span class='ocrx_word' id='word_1_175' title='bbox 276 2163 320 2213; x_wconf 84' lang='lat' dir='ltr'><em>rix</em></span> <span class='ocrx_word' id='word_1_176' title='bbox 331 2169 438 2229; x_wconf 88' lang='lat' dir='ltr'><em>tempus</em></span> <span class='ocrx_word' id='word_1_177' title='bbox 449 2169 523 2213; x_wconf 86' lang='lat' dir='ltr'><em>erat=</em></span> <span class='ocrx_word' id='word_1_178' title='bbox 540 2168 632 2213; x_wconf 82' lang='lat' dir='ltr'><em>tamen</em></span> <span class='ocrx_word' id='word_1_179' title='bbox 645 2164 737 2215; x_wconf 85' lang='lat' dir='ltr'><em>omnia</em></span> <span class='ocrx_word' id='word_1_180' title='bbox 748 2169 872 2215; x_wconf 81' lang='lat' dir='ltr'><em>monstro</em></span> 
     </span>
     <span class='ocr_line' id='line_1_31' title="bbox 95 2229 824 2298; baseline 0.007 -20"><span class='ocrx_word' id='word_1_181' title='bbox 95 2230 144 2280; x_wconf 63' lang='lat'><em>475</em></span> <span class='ocrx_word' id='word_1_182' title='bbox 158 2231 283 2282; x_wconf 86' lang='lat' dir='ltr'><em>Pellaeae</em></span> <span class='ocrx_word' id='word_1_183' title='bbox 295 2233 386 2283; x_wconf 86' lang='lat' dir='ltr'><em>coiere</em></span> <span class='ocrx_word' id='word_1_184' title='bbox 396 2232 507 2282; x_wconf 88' lang='lat' dir='ltr'><em>domus:</em></span> <span class='ocrx_word' id='word_1_185' title='bbox 526 2246 594 2298; x_wconf 88' lang='lat' dir='ltr'><em>quos</em></span> <span class='ocrx_word' id='word_1_186' title='bbox 604 2233 676 2283; x_wconf 87' lang='lat' dir='ltr'><em>inter</em></span> <span class='ocrx_word' id='word_1_187' title='bbox 685 2229 824 2284; x_wconf 76' lang='lat' dir='ltr'><em>Achoreus</em></span> 
     </span>
     <span class='ocr_line' id='line_1_32' title="bbox 157 2298 866 2368; baseline 0.001 -18"><span class='ocrx_word' id='word_1_188' title='bbox 157 2302 210 2350; x_wconf 82' lang='lat' dir='ltr'><em>iem</em></span> <span class='ocrx_word' id='word_1_189' title='bbox 222 2300 345 2368; x_wconf 80' lang='lat' dir='ltr'><em>placidus</em></span> <span class='ocrx_word' id='word_1_190' title='bbox 356 2301 447 2363; x_wconf 84' lang='lat' dir='ltr'><em>senio,</em></span> <span class='ocrx_word' id='word_1_191' title='bbox 458 2298 607 2366; x_wconf 79' lang='lat' dir='ltr'><em>fractisque</em></span> <span class='ocrx_word' id='word_1_192' title='bbox 618 2300 769 2351; x_wconf 80' lang='lat' dir='ltr'><em>modestior</em></span> <span class='ocrx_word' id='word_1_193' title='bbox 778 2302 866 2360; x_wconf 82' lang='lat' dir='ltr'><em>annis,</em></span> 
     </span>
     <span class='ocr_line' id='line_1_33' title="bbox 155 2368 796 2454; baseline -0.005 -31"><span class='ocrx_word' id='word_1_194' title='bbox 155 2370 248 2423; x_wconf 78' lang='lat' dir='ltr'><em>t&#39;iiune</em></span> <span class='ocrx_word' id='word_1_195' title='bbox 258 2371 352 2454; x_wconf 61' lang='lat' dir='ltr'><em>genuit</em></span> <span class='ocrx_word' id='word_1_196' title='bbox 364 2375 456 2420; x_wconf 86' lang='lat' dir='ltr'><em>eustos</em></span> <span class='ocrx_word' id='word_1_197' title='bbox 467 2368 520 2420; x_wconf 79' lang='lat' dir='ltr'><em>Nili</em></span> <span class='ocrx_word' id='word_1_198' title='bbox 532 2370 681 2420; x_wconf 77' lang='lat' dir='ltr'><em>crescentis</em></span> <span class='ocrx_word' id='word_1_199' title='bbox 691 2370 719 2419; x_wconf 93' lang='lat' dir='ltr'><em>in</em></span> <span class='ocrx_word' id='word_1_200' title='bbox 729 2383 796 2420; x_wconf 80' lang='lat' dir='ltr'><em>arva</em></span> 
     </span>
     <span class='ocr_line' id='line_1_34' title="bbox 154 2436 785 2506; baseline 0 -18"><span class='ocrx_word' id='word_1_201' title='bbox 154 2436 288 2506; x_wconf 75' lang='lat' dir='ltr'><em>Memphis</em></span> <span class='ocrx_word' id='word_1_202' title='bbox 298 2453 369 2489; x_wconf 79' lang='lat' dir='ltr'><em>vana</em></span> <span class='ocrx_word' id='word_1_203' title='bbox 380 2439 480 2502; x_wconf 81' lang='lat' dir='ltr'><em>secris3</em></span> <span class='ocrx_word' id='word_1_204' title='bbox 498 2437 545 2489; x_wconf 87' lang='lat' dir='ltr'><em>iilo</em></span> <span class='ocrx_word' id='word_1_205' title='bbox 556 2436 662 2489; x_wconf 83' lang='lat' dir='ltr'><em>cultore</em></span> <span class='ocrx_word' id='word_1_206' title='bbox 671 2438 785 2489; x_wconf 90' lang='lat' dir='ltr'><em>deorum</em></span> 
     </span>
     <span class='ocr_line' id='line_1_35' title="bbox 153 2504 813 2574; baseline 0 -16"><span class='ocrx_word' id='word_1_207' title='bbox 153 2508 255 2559; x_wconf 57' lang='lat' dir='ltr'><em>{austra</em></span> <span class='ocrx_word' id='word_1_208' title='bbox 265 2521 331 2559; x_wconf 83' lang='lat' dir='ltr'><em>saue</em></span> <span class='ocrx_word' id='word_1_209' title='bbox 342 2504 467 2558; x_wconf 82' lang='lat' dir='ltr'><em>Phoebes</em></span> <span class='ocrx_word' id='word_1_210' title='bbox 477 2520 532 2557; x_wconf 88' lang='lat' dir='ltr'><em>non</em></span> <span class='ocrx_word' id='word_1_211' title='bbox 541 2522 611 2558; x_wconf 90' lang='lat' dir='ltr'><em>unus</em></span> <span class='ocrx_word' id='word_1_212' title='bbox 620 2508 727 2558; x_wconf 76' lang='lat' dir='ltr'><em>nixertu</em></span> <span class='ocrx_word' id='word_1_213' title='bbox 736 2507 813 2574; x_wconf 79' lang='lat' dir='ltr'><em>Apis)</em></span> 
     </span>
     <span class='ocr_line' id='line_1_36' title="bbox 95 2575 867 2646; baseline 0.003 -19"><span class='ocrx_word' id='word_1_214' title='bbox 95 2578 145 2627; x_wconf 77' lang='lat'><em>480</em></span> <span class='ocrx_word' id='word_1_215' title='bbox 159 2578 268 2628; x_wconf 82' lang='lat' dir='ltr'><em>Consilii</em></span> <span class='ocrx_word' id='word_1_216' title='bbox 278 2592 332 2629; x_wconf 83' lang='lat' dir='ltr'><em>vox</em></span> <span class='ocrx_word' id='word_1_217' title='bbox 343 2577 431 2646; x_wconf 80' lang='lat' dir='ltr'><em>prime</em></span> <span class='ocrx_word' id='word_1_218' title='bbox 439 2575 505 2637; x_wconf 79' lang='lat' dir='ltr'><em>fuit,</em></span> <span class='ocrx_word' id='word_1_219' title='bbox 515 2578 709 2643; x_wconf 79' lang='lat' dir='ltr'><em>monitumque,</em></span> <span class='ocrx_word' id='word_1_220' title='bbox 721 2575 867 2644; x_wconf 79' lang='lat' dir='ltr'><em>iidemque,</em></span> 
     </span>
     <span class='ocr_line' id='line_1_37' title="bbox 155 2644 783 2714; baseline 0 -18"><span class='ocrx_word' id='word_1_221' title='bbox 155 2644 294 2714; x_wconf 80' lang='lat' dir='ltr'><em>Sacraque</em></span> <span class='ocrx_word' id='word_1_222' title='bbox 306 2647 426 2698; x_wconf 82' lang='lat' dir='ltr'><em>defuncti</em></span> <span class='ocrx_word' id='word_1_223' title='bbox 439 2645 553 2695; x_wconf 64' lang='lat' dir='ltr'><em>iactavit</em></span> <span class='ocrx_word' id='word_1_224' title='bbox 563 2645 679 2712; x_wconf 79' lang='lat' dir='ltr'><em>pignora</em></span> <span class='ocrx_word' id='word_1_225' title='bbox 688 2645 783 2712; x_wconf 65' lang='lat' dir='ltr'><em>pomis.</em></span> 
     </span>
    </p>
   </div>
   <div class='ocr_carea' id='block_1_4' title="bbox 0 0 995 3074">
    <p class='ocr_par' dir='ltr' id='par_1_4' title="bbox 0 0 995 3074">
     <span class='ocr_line' id='line_1_38' title="bbox 0 0 995 3074; baseline 0 0"><span class='ocrx_word' id='word_1_226' title='bbox 0 0 995 3074; x_wconf 95' lang='lat' dir='ltr'><em> </em></span> 
     </span>
    </p>
   </div>
  </div>
 </body>
</html>
