1980 3074
177 179 212 228 74
351 177 389 226 Μ.
424 174 525 226 ANN.
562 175 742 226 Lucam

79 342 87 355 ,
121 297 173 346 250
185 296 353 347 Conlirmaut
363 295 428 344 ictu.
457 294 575 344 Fervent
584 295 639 343 iam
651 301 743 344 castra
752 295 881 358 tumultu,

183 362 234 431 [Et
244 363 376 414 scelerum
387 362 480 412 turba:
492 364 634 428 rapiuntur
645 362 715 412 colla
726 362 893 431 parentiam]

179 436 217 483 Ac
229 431 303 483 velut
315 430 452 482 occultum
462 437 559 496 pereat
568 430 667 492 scelus,
679 432 770 482 omnia
780 440 906 482 monstra

182 503 210 551 ln
221 500 320 552 faciem
331 514 449 568 posuere
459 499 572 549 ducum:
582 501 659 549 iurat
670 514 730 550 esse
741 505 882 550 nocentes.

231 571 275 620 'l'u
285 570 395 630 Caesar,
407 570 529 635 quamvis
538 568 672 634 spoliatus
682 568 766 618 milite
776 568 874 630 multo,

121 641 171 691 255
182 639 313 708 Agnoscis
323 651 447 703 superos.
463 635 557 704 Neque
569 637 641 687 enim
651 636 701 687 tibi
711 638 800 687 maior
810 639 838 685 in
845 638 919 686 arnis

181 706 313 759 Emathiis
325 705 436 756 fortuna
445 704 506 767 fuit,
518 720 569 755 nec
579 703 717 755 Phocidos
728 705 806 755 undis

180 776 327 836 Massiliae,
339 773 439 824 Phario
448 780 658 824 nectantumest
669 788 788 840 aequore
799 779 918 840 gestum.

181 845 243 895 Hoc
255 843 386 911 siquidem
398 842 457 893 solo
471 841 555 893 civilis
566 843 678 892 crimine
687 841 752 892 belli

182 914 243 962 Dux
256 926 368 962 caussae
380 912 499 962 melioris
510 911 571 962 eris.
601 910 710 961 Polluta
719 910 838 961 nefanda

122 982 173 1031 260
184 983 298 1047 Agmina
308 979 392 1030 caede
404 980 488 1030 duces
497 980 596 1030 iunctis
607 982 778 1030 committere
790 978 889 1029 castris

181 1048 241 1100 Non
253 1048 362 1108 audent,
374 1048 499 1115 altaeque
512 1048 546 1099 ad
557 1049 666 1099 moenia
676 1064 769 1099 rursus
781 1046 888 1098 ilerdae

181 1117 324 1169 intendere
335 1115 437 1184 lugam.
465 1118 581 1184 Campos
594 1132 676 1185 eques
688 1117 784 1168 obrius
795 1131 894 1168 omnes

180 1186 305 1247 Abstulit,
317 1191 345 1236 et
356 1186 436 1236 siccis
447 1185 556 1237 inclusit
567 1187 680 1236 collibus
690 1184 806 1236 hostem.

181 1258 259 1305 'lunc
268 1256 364 1321 inopes
375 1254 463 1305 undae
474 1261 622 1321 praerupta
633 1256 742 1322 cingere
753 1253 830 1304 iussa

122 1326 171 1375 265
183 1326 284 1375 Caesar
295 1330 366 1384 aret,
378 1338 429 1374 nec
441 1330 532 1374 castra
541 1324 598 1389 pati
610 1325 768 1390 contingere
779 1324 865 1389 ripas,

181 1394 234 1443 Aut
245 1395 346 1443 circum
356 1392 449 1460 largos
461 1392 567 1443 curvari
576 1390 691 1443 brachia
701 1391 800 1442 fontes.

232 1463 267 1513 Ut
279 1460 345 1512 lethi
355 1461 448 1512 ridere
460 1462 540 1524 viam,
552 1475 698 1512 conversus
708 1462 814 1511 inirem

183 1533 364 1597 Praecipitem
374 1532 457 1581 timor
467 1537 517 1581 est.
545 1530 634 1591 Miles,
646 1544 700 1580 non
711 1530 776 1581 utile
789 1529 891 1581 clausis

178 1600 320 1660 Auxilium,
332 1600 462 1649 mactarit
474 1614 571 1666 equos:
582 1599 745 1666 tandemque
756 1605 870 1650 coactus

120 1670 169 1717 210
180 1668 234 1734 Spe
247 1670 335 1734 posita
346 1667 475 1718 damnare
485 1667 587 1736 fugam,
600 1683 712 1718 casums
721 1669 749 1718 in
761 1666 855 1718 hostes

179 1738 285 1787 Fertur.
317 1738 352 1787 Ut
362 1735 449 1786 effuso
461 1738 562 1787 Caesar
574 1737 721 1787 decurrere
733 1752 815 1802 passu

180 1805 263 1866 Vidit,
274 1804 346 1855 etad
359 1810 462 1855 certam
472 1804 587 1857 devotos
598 1806 710 1856 tendere
719 1811 850 1855 mortem:

181 1874 246 1925 Telo
259 1882 319 1924 tene
331 1873 395 1935 iam,
406 1873 488 1935 miles,
501 1875 548 1936 ait,
553 1875 715 1944 ferrumque
724 1874 817 1926 ruenti

181 1940 330 1992 Snlnate:
342 1958 394 1994 lton
407 1943 461 1994 ullo
473 1953 576 1994 constet
585 1942 651 1993 milti
661 1943 795 2012 sanguine
804 1943 918 1995 toltum.-

120 2013 168 2061 215
186 2009 496 2077 Vinciturltoueigratt‘s,
506 2011 602 2082 iugulo
609 2012 656 2078 qui
659 2022 792 2079 provocat
802 2011 916 2064 bostem.

179 2079 223 2131 En
234 2078 286 2130 stoi
298 2080 358 2130 vilis
370 2081 448 2131 adest
458 2080 548 2134 invito
559 2084 618 2133 loce
628 2082 761 2143 iuventus,

180 2148 237 2200 lom
248 2150 344 2200 datiano
352 2149 479 2216 perituro
490 2168 554 2202 meo.
583 2148 642 2202 Non
652 2150 749 2202 sentiet
758 2150 838 2211 ictus,

178 2217 316 2271 Iucuntbet
323 2219 436 2286 gladio,
443 2219 574 2288 gaudebit
584 2220 716 2288 sanguine
721 2220 798 2290 fuso.

179 2286 294 2339 Deserat
305 2287 452 2357 lticferoor
462 2299 571 2351 mentes,
583 2289 665 2340 eadat
674 2289 791 2356 impetus
812 2304 916 2343 ament.

120 2359 169 2408 280
181 2357 304 2408 Perdant
316 2361 380 2410 uelle
391 2359 468 2410 niori.
496 2356 542 2409 Sic
553 2357 706 2426 deflagrare
717 2360 839 2409 minaces

180 2426 326 2488 incassum,
338 2434 367 2478 et
375 2429 460 2478 vetito
472 2442 568 2493 passus
579 2427 621 2478 lan
661 2442 755 2478 escere
765 2426 848 2489 bello,
870 2451 873 2456 ·

179 2494 323 2546 Substituit
335 2511 424 2547 merso
436 2496 499 2545 dum
510 2511 564 2546 nox
573 2512 623 2547 sua
641 2497 733 2546 umina
744 2494 867 2547 Phoebo.

178 2564 243 2614 lnde
253 2563 299 2614 ubi
310 2565 382 2616 nulla
392 2565 458 2616 data
468 2570 511 2614 est
519 2564 650 2616 miscendi
661 2565 742 2632 copia
752 2565 861 2626 Martis,

177 2632 321 2683 Paullatim
332 2633 406 2684 cadit
414 2635 456 2684 ira
467 2632 555 2695 ferox,
566 2639 725 2700 mentesque
735 2639 895 2701 tepescunt=

117 2702 166 2753 285
180 2699 279 2751 Saucia
289 2704 407 2753 maiores
419 2703 523 2754 animos
533 2709 564 2753 ut
575 2709 688 2768 pectora
699 2709 816 2770 gestant.
