1980 3074
173 204 457 259 PHARSALIA.
493 204 653 257 blavi.
737 205 788 256 1²9
848 206 849 210 ’

57 329 118 380 Non
131 326 195 376 latis
206 325 340 378 adductus
352 338 443 375 amor:
462 322 631 390 llanrmisque
641 328 728 377 severi

59 395 160 445 illicitis
171 407 262 444 arsere
273 407 359 444 senes.
392 390 451 442 Nee
460 392 544 441 noxia
554 396 659 442 tantum

59 463 162 514 Pocula
172 462 331 527 proliciunts
351 466 400 511 aut
410 475 472 511 eum
481 461 620 527 turgentia
629 476 713 513 succo
798 465 849 514 455

59 533 167 581 Frontis
179 535 320 580 amaturae
331 527 484 580 subducunt
494 529 610 595 pignora
620 528 702 581 letne.

59 602 145 659 Aleos,
158 597 248 649 hausti
259 598 331 648 nulla
340 599 415 648 sanie
426 597 530 664 polluta
540 599 645 658 veneni,

60 669 215 718 Excantata
224 667 302 732 perit.
331 665 407 727 Quos
416 681 470 716 non
482 666 630 716 concordia
640 667 717 717 mixti

58 736 166 802 Adligat
175 735 231 785 ulla
240 735 303 797 tori,
313 733 483 802 blandaeque
495 735 619 799 potentia
629 735 743 798 lemnae,

59 807 216 854 'l'raxerunt
224 805 292 854 torti
301 804 409 871 magica
419 805 552 870 vertigine
564 803 610 852 lili.
799 805 851 855 let

59 875 207 924 Cessavere
216 873 292 924 vices
302 886 406 924 rerum:
425 872 563 939 dilataque
573 872 618 922 lon
639 888 655 922 e

59 943 157 993 Haesit
167 947 249 993 noete
259 941 331 992 diest
352 941 407 1008 legi
418 955 472 990 non
482 942 574 1006 paruit
583 948 628 991 aet
648 957 686 992 er.

59 1012 177 1078 Torpuit
186 1017 215 1062 et
225 1025 367 1078 praeceps,
380 1009 474 1061 audito
487 1010 615 1072 carmine,
627 1013 755 1063 mundus:

59 1080 159 1130 Axibus
170 1085 201 1130 ut
212 1079 314 1146 rapidis
324 1078 455 1145 impulsos
466 1079 588 1144 luppiter
597 1095 696 1147 urgens

58 1150 175 1199 Miratur
184 1163 238 1198 non
249 1149 290 1200 ire
302 1147 389 1214 polos.
417 1145 496 1198 Nune
506 1148 597 1198 omnia
608 1150 745 1215 complent
800 1149 851 1201 455

60 1217 202 1279 imbribus,
212 1226 241 1267 et
250 1216 340 1267 calido
350 1214 505 1281 producunt
515 1215 607 1266 nubila
618 1216 745 1269 Phoebos

61 1287 95 1335 Et
107 1290 186 1335 tonat
194 1286 290 1352 ignaro
303 1284 408 1335 coelum
418 1285 491 1335 love.
521 1283 643 1336 Vocibus
653 1287 739 1336 isdem

62 1355 212 1403 llumentes
222 1353 278 1403 late
289 1352 410 1414 nebulas,
420 1353 580 1420 nimbosque
590 1353 687 1404 solutis

61 1424 213 1471 Excussere
224 1421 318 1471 comis.
347 1420 442 1473 Ventis
453 1421 631 1484 cessantibus,
644 1430 747 1489 aequor

61 1490 203 1539 intumuits
221 1503 314 1539 rursus
324 1489 437 1540 vetitum
448 1492 548 1541 sentire
560 1491 694 1556 procellas
800 1493 851 1542 lte

60 1557 205 1618 Conticuit,
216 1555 343 1608 turbante
354 1556 439 1609 Noto:
458 1560 622 1627 puppimque
632 1559 751 1611 ferentes

61 1628 88 1676 ln
99 1632 210 1676 ventum
220 1632 343 1678 tumuere
354 1627 436 1677 sinus.
463 1629 505 1679 De
516 1644 583 1694 rupe
595 1629 725 1695 pependit

59 1695 171 1746 Abscisa
182 1695 251 1746 llxus
263 1702 384 1747 torrens·
399 1699 538 1765 amnisque
549 1699 677 1760 cucurrit,

59 1763 118 1814 Non
131 1780 185 1831 qua
195 1779 296 1830 pronus
309 1774 376 1816 erat.
406 1765 495 1817 Nilum
505 1781 559 1816 non
571 1768 669 1818 extulit
685 1774 790 1818 aestas:

56 1833 413 1903 Maeandcrdirexitaquas=
424 1833 638 1904 Rhodanumque
644 1844 794 1887 morantem
801 1837 851 1887 415

57 1903 252 1969 Praecipitavit
262 1905 332 1970 Arar
335 1919 342 1952 ε
362 1903 495 1954 submisso
506 1905 610 1956 vertice
620 1912 727 1956 montes

56 1970 220 2036 Explicuere
231 1972 333 2038 iugum.
361 1971 455 2022 Nubes
466 1974 588 2037 suspexit
599 1973 745 2040 Olympuss

56 2039 165 2090 Solibus
177 2040 291 2090 etnullis
304 2037 461 2103 Scythicae,
473 2054 534 2088 cum
545 2038 642 2091 broma
652 2044 762 2109 rigeret,

58 2108 226 2159 Dimaduere
237 2109 321 2156 nives.
350 2105 495 2171 impulsam
506 2107 595 2159 sidere
606 2107 716 2174 Tethyn

59 2177 167 2240 Repulit
178 2173 387 2233 Haemonidum,
398 2172 511 2223 defenso
521 2173 612 2237 litore,
623 2191 741 2226 carmen.
801 2181 852 2231 480

59 2245 148 2293 'lerna
160 2255 268 2309 quoque
278 2241 384 2290 immoti
396 2242 535 2290 concussit
546 2243 673 2306 ponderis
685 2258 775 2305 uem,

60 2313 95 2362 Et
105 2312 223 2362 medium
234 2323 349 2376 vergens
359 2308 487 2359 titubavit
496 2310 570 2360 nisus
578 2311 607 2360 in
618 2311 720 2362 orbem.

58 2384 167 2432 'santae
178 2377 257 2429 molis
270 2393 338 2427 onus
350 2392 507 2444 percussum
518 2392 587 2429 voce
598 2380 721 2442 recessit,

59 2453 292 2518 Prospectumque
302 2447 376 2498 dedit
391 2446 609 2499 circumlabentis
621 2447 739 2515 Olympi.

57 2522 143 2571 (lmne
156 2525 252 2586 potens
265 2517 365 2568 animal
374 2517 430 2578 leti,
442 2517 616 2585 genitumque
628 2531 738 2580 nocere,
799 2516 851 2569 485

58 2592 92 2638 Et
103 2596 184 2655 pavet
195 2588 371 2648 Haemonias,
383 2594 412 2638 et
422 2586 555 2638 mortibus
563 2587 673 2638 instruit
685 2592 767 2638 artes.

58 2658 114 2708 llas
127 2658 222 2709 avidae
232 2659 325 2724 tigres,
337 2662 366 2707 et
376 2655 472 2707 nobilis
481 2656 523 2707 ira
534 2656 642 2709 leonum

56 2726 111 2776 0re
121 2726 337 2778 loventbland0:
358 2726 462 2794 gelidos
472 2723 515 2776 bis
526 2726 646 2794 explieat
656 2725 745 2786 orbes,

90 2794 262 2845 lsucsuus.
632 2797 641 2846 Ι
