1980 3074
202 114 253 164 tor
374 113 411 160 Μ.
447 110 547 160 ARN.
583 110 765 162 buenni

203 229 243 280 Ne
255 233 398 290 revocent,
433 229 550 295 ellatque
561 229 636 294 quies
648 233 783 278 nocturna
795 241 940 293 pavorem:

202 298 331 348 Protinus
341 294 392 346 hos
407 297 413 308 '
427 297 432 308 '
445 297 541 347 statuit
551 296 698 347 succedere
711 295 790 356 vasso,
934 307 936 311 ·

204 364 275 415 Dum
286 364 409 415 Fortuna
420 364 499 426 salet,
513 365 575 414 dum
588 364 699 415 conficit
711 364 802 415 omnia
812 369 914 427 terror,
933 374 935 378 ⁴

146 433 195 482 735
208 431 269 483 Non
281 432 392 493 veritus,
403 447 485 499 grave
497 448 530 483 ne
542 432 621 483 fessis
631 447 664 482 ae
674 432 764 484 Marte
774 431 896 484 subactis

206 502 268 551 Hoc
279 500 352 551 foret
362 502 512 567 imperium.
532 499 623 551 Nonm
679 497 941 552 obortaminemiies

206 571 236 619 in
248 569 377 635 praedam
388 568 527 620 ducendus
539 574 612 619 erat:
659 569 758 620 istoria
768 568 844 620 nobis

105 674 107 677 ψ
206 638 303 698 Plena,
314 637 377 698 oiri,
388 637 469 687 dixit:
488 645 609 702 superest
618 654 670 703 pro
680 637 812 704 sanguise
821 653 931 696 merces,

210 703 297 767 Quam
313 715 463 756 neonetrare
477 722 561 756 meam
580 715 634 757 eet.-
652 704 822 824 πεᾳκππίη
840 706 941 757 donare

676 789 723 825 asc
759 790 783 832 o,

147 842 197 889 '140
210 841 287 902 Quod
297 840 348 890 eibi
359 841 468 907 quisque
479 841 563 892 dabit.
584 840 696 893 Cunctis
702 858 734 893 en
735 843 819 908 piene
826 841 941 893 metallis

211 907 425 974 Caetrapateat:
435 919 544 974 raptam
550 908 940 977 Hesperiieegeats‘daeaarare

208 975 262 1026 Hic
273 975 354 1037 iacet,
363 975 490 1043 ansque
498 988 625 1043 premunt
636 977 754 1030 tentoria
761 993 856 1045 gazas.

212 1043 264 1094 Tot
272 1059 367 1112 regam
375 1043 499 1097 Fortuna
510 1046 589 1096 amal
598 1045 747 1114 Magnique
757 1055 853 1097 coacta

208 1112 360 1177 Exspectat
370 1113 501 1165 dominas:
518 1130 638 1181 propera
648 1115 817 1180 praecedere,
828 1114 911 1173 mites,

149 1181 199 1229 745
212 1181 284 1243 eros
294 1180 427 1247 sequeris:
446 1199 623 1250 quaecamque
635 1193 697 1234 tuae
704 1182 943 1251 Pharsaliafeeit,

212 1250 235 1299 A
245 1249 324 1300 victis
336 1249 483 1316 rapiantur
494 1267 562 1317 opes.
590 1249 649 1301 Nec
660 1250 738 1316 plura
747 1250 863 1311 locutus,

210 1317 317 1384 lmpulit
329 1325 450 1370 amentes
461 1320 572 1386 aurique
584 1319 708 1385 cupidine
721 1333 829 1380 caecos,

210 1388 252 1436 lre
263 1401 345 1453 super
354 1387 469 1454 gladios,
481 1403 616 1454 supraque
629 1387 765 1437 cadavera
776 1391 894 1453 patrum,

210 1455 246 1504 Et
258 1469 353 1505 caesos
365 1455 472 1507 calcare
484 1457 575 1507 duces
606 1456 682 1516 Quae
693 1453 776 1518 fossa,
788 1455 848 1522 quis
858 1469 876 1506 a
912 1468 942 1503 er

148 1522 199 1570 75⁰
212 1521 351 1573 Sustineat
361 1524 477 1590 pretium
489 1524 552 1574 belli
564 1523 750 1590 scelerumque
761 1528 901 1591 petentes.

209 1590 286 1641 Scire
297 1591 398 1652 rolant,
409 1600 511 1658 quanta
521 1591 622 1643 fuerint
631 1591 757 1643 mercede
769 1596 910 1642 nocentes.

208 1660 338 1709 lnrenere
350 1658 457 1725 quidem
469 1660 585 1726 spoliato
597 1659 712 1727 plurima
722 1659 821 1710 mundo
850 1695 856 1703 -

208 1726 346 1777 Bellorum
359 1727 387 1776 in
397 1733 501 1778 sumtus
512 1733 659 1795 congestae
669 1727 792 1793 pondera
802 1740 925 1778 massae:

210 1793 264 1844 Sed
274 1809 328 1844 non
338 1794 460 1859 implevit
470 1797 610 1861 cupientes
619 1797 710 1847 omnia
720 1801 834 1846 mentes.

149 1863 200 1912 ¹155
213 1861 349 1929 Quidquid
360 1860 430 1912 rodit
440 1863 510 1925 lber,
522 1865 750 1932 quidquidTagus
756 1862 861 1926 extulit,
875 1863 944 1925 auri,

213 1929 293 1993 Quod
303 1930 370 1998 legit
380 1931 454 1982 dives
464 1933 574 1983 summis
584 1933 739 2000 Arimaspus
751 1931 839 1982 arenis

210 2001 246 2050 Ut
255 2000 372 2067 rapiant,
383 2015 467 2066 parvo
480 2001 568 2051 scelus
582 1999 635 2053 hoc
645 2002 750 2053 venisse
761 2000 904 2067 putabunt.

211 2071 277 2119 cnm
289 2068 339 2119 sibi
351 2070 483 2135 Tarpeias
493 2071 582 2120 victor
592 2069 767 2136 desponderit
777 2083 864 2129 arces,

212 2138 278 2188 Cum
289 2152 337 2203 spe
346 2137 485 2189 Romanae
495 2139 650 2204 promiserit
661 2139 752 2188 omnia
763 2136 895 2203 praedae:

151 2206 202 2258 160
214 2205 365 2272 Decipitur,
377 2207 448 2272 quod
460 2212 551 2258 castra
560 2208 639 2272 rapit.
660 2207 739 2272 Cepit
747 2206 832 2271 impia
841 2202 936 2271 plebes

213 2276 320 2340 Cespite
331 2276 445 2341 patricio
456 2290 579 2327 somnos:
598 2289 766 2342 vacuumque
777 2272 865 2324 cubile

212 2343 330 2410 Regibus
340 2341 467 2395 infandus
477 2344 554 2394 miles
570 2344 682 2409 premit:
700 2345 781 2410 inque
791 2347 945 2409 parentum,

213 2413 296 2478 inque
308 2411 375 2462 toris
386 2411 500 2463 fratrum
512 2411 790 2479 posueruntmembra
799 2416 945 2461 nocentes:

86 2543 88 2547 Ι
215 2481 288 2539 Quos
300 2481 387 2532 sortes
395 2496 496 2531 vesana
508 2480 592 2546 quies,
603 2482 743 2547 somnique
754 2478 876 2531 furentes

153 2546 203 2597 ¹165
214 2521 399 2601 Thessaiicam
411 2550 502 2600 miseri
511 2555 622 2599 versant
631 2550 659 2599 in
669 2554 781 2615 pectore
791 2562 918 2615 pugnam.

212 2616 336 2684 insigilat
348 2617 451 2668 eunctis
463 2631 573 2668 saevum
583 2617 681 2680 scelus,
692 2631 821 2684 armaque
833 2621 895 2666 tota
