1980 3074
217 275 502 328 vllsnsnlrls.
538 275 629 327 ΜΒ.
659 274 710 326 Vl.
780 271 831 322 135

101 397 131 446 ss·
142 413 204 447 nero
216 395 376 463 Stygiosque
384 396 469 456 lacus,
479 394 617 460 ripamque
630 402 769 444 sonantem

103 464 213 530 Ignibus
222 463 367 522 ostendam,
376 461 400 511 si
409 478 450 513 me
458 470 600 527 praesente
610 461 695 512 videri

102 531 263 585 Eumenides
272 539 388 596 possem,
400 528 546 594 villosaque
557 532 625 580 colla
636 529 751 580 colubris

65 655 67 657 .
101 600 232 651 Cerberus
241 596 387 659 excutiens,
399 605 426 648 et
437 596 521 648 vincti
533 606 614 665 terga
628 596 776 666 Gigantes:
839 599 887 649 565

100 670 166 732 Quis
177 669 266 729 timor,
278 666 381 735 ignom,
391 674 537 717 metuentes
548 681 654 717 cernere
665 668 772 717 maner?

151 732 839 802 Pectoratuncprimumferrentisangminesupplet

100 805 261 857 Vulneribus
271 805 365 856 lanata
374 804 465 854 noris:
490 802 610 870 taboque
620 803 751 853 medullas

97 875 201 925 noluit:
224 880 253 926 et
261 875 336 924 virus
346 871 421 941 large
431 872 526 923 lunare
537 872 679 922 ministrat.

98 945 159 994 lluc
171 943 298 1011 quidquid
310 941 369 993 fetu
377 941 472 1010 genuit
482 947 582 991 natura
591 940 700 991 sinistro
839 941 889 991 oro

96 1014 236 1064 Miscetur.
259 1010 321 1062 Non
332 1025 429 1078 spuma
440 1025 547 1072 canum,
560 1008 655 1078 quibus
666 1011 738 1060 unda
750 1011 829 1060 timo·

569 1079 654 1140 nient,

99 1149 211 1198 Viscera
220 1162 274 1198 non
284 1148 383 1214 lyncis,
396 1163 450 1198 non
461 1147 537 1198 dirae
547 1147 635 1198 nodus
645 1145 770 1213 hyaenae

95 1215 200 1277 Defuit,
211 1221 240 1266 et
250 1217 323 1267 cerri
332 1217 405 1281 pasti
415 1221 542 1282 serpente
553 1215 683 1266 medulla:

96 1285 157 1335 Non
169 1284 280 1351 puppim
291 1285 420 1345 retinens,
432 1284 506 1334 Euro
519 1283 649 1334 tendente
659 1281 798 1343 rudentes,

98 1356 127 1403 ln
137 1352 234 1402 mediis
245 1349 373 1403 echeneis
385 1351 471 1418 aquis,
483 1351 607 1416 oculique
618 1350 776 1412 draconum,
840 1351 889 1401 675

98 1422 229 1486 Quaeque
241 1426 339 1470 sonant
349 1418 407 1470 icta
417 1417 558 1485 tepefacta
568 1416 618 1467 srrb
630 1417 693 1467 alite
705 1433 785 1469 saxa:

97 1489 158 1538 Non
169 1486 286 1537 Arabum
297 1487 408 1538 volucer
418 1501 539 1553 serpens,
548 1486 695 1552 innataque
706 1485 794 1537 rubris

96 1556 266 1625 Aequoribus
278 1563 371 1607 custos
381 1556 519 1622 pretiosae
529 1555 624 1622 ripere
635 1552 769 1606 conchae:

95 1626 275 1677 ,tutamentis
286 1622 375 1677 adhuc
385 1624 485 1691 Libyci
494 1624 653 1676 membrana
662 1631 795 1683 cerastae.

97 1698 148 1746 dut
160 1695 228 1745 cinis
239 1695 300 1746 Eos
311 1695 392 1763 positi
405 1691 550 1745 Phoenicis
558 1694 587 1744 in
598 1709 655 1744 ars.
837 1695 887 1748 680

97 1767 157 1826 Quo
169 1770 313 1831 postquam
323 1763 399 1825 viles,
411 1779 461 1815 nec
473 1761 606 1814 habentes
616 1763 727 1813 nomina
737 1769 828 1830 pestes

96 1833 231 1885 contulit:
252 1832 363 1884 infando
375 1839 513 1884 saturatas
525 1833 644 1884 carmine
656 1830 775 1893 frondes,

96 1906 139 1965 Et,
153 1901 250 1970 quibus
260 1917 291 1954 os
301 1902 389 1953 dirum
401 1901 576 1954 nascentibus
586 1901 698 1968 inspuit,
710 1898 808 1952 herbas

94 1970 212 2032 addidit,
223 1977 252 2022 et
261 1970 390 2038 quidquid
400 1971 500 2022 mundo
512 1970 588 2022 dedit
595 1972 658 2038 ipsa
666 1971 775 2022 venenis

95 2041 174 2090 'lunc
183 2053 246 2099 vox,
257 2037 396 2090 Lethaeos
409 2041 514 2090 cunctis
525 2039 673 2105 pollentior
683 2037 774 2090 herbis
835 2038 886 2088 685
947 2078 951 2087 .

97 2110 250 2158 Excantare
260 2106 336 2167 deos,
348 2106 473 2158 confudit
482 2122 621 2159 murmura
631 2108 746 2175 primuni

96 2176 224 2235 Dissons,
236 2179 264 2225 ct
273 2172 408 2226 hnmanae
419 2173 533 2225 multum
544 2174 682 2227 discordia
690 2176 807 2244 linguae.

96 2244 228 2293 Latratus
237 2238 322 2293 habet
330 2241 489 2304 illacanum,
502 2243 684 2311 gemitumque
689 2244 828 2310 lnporum:

97 2309 837 2379 Quodtrepidnsbubo‚quodstrixnocturnaqneruntur,

97 2378 890 2448 Quodstridnntululsntqueisrae,quodsibilatanguis‚690

96 2449 239 2516 Exprimit,
251 2455 280 2500 et
290 2448 415 2515 planctus
428 2448 514 2500 illisae
527 2448 652 2501 cautibus
664 2449 763 2512 undae,

97 2517 283 2587 Silvarumque
293 2534 399 2580 sonum,
411 2516 572 2585 fractaeque
584 2519 706 2569 tonitrua
715 2519 802 2571 nubis.

96 2589 153 2637 Tot
163 2602 253 2638 rernm
263 2601 318 2637 vox
327 2602 382 2638 nna
392 2587 452 2638 fuit.
480 2587 549 2638 Mox
561 2593 748 2639 ceteracantn

99 2655 224 2722 Explicat
229 2656 394 2718 Haemonio,
405 2662 585 2723 penetratque
591 2657 618 2707 in
626 2658 848 2727 Tartaralingna:

97 2722 264 2776 Eumenides.
282 2722 457 2794 Stygiumque
466 2725 554 2797 nefas,
561 2742 716 2846 querensque
732 2743 826 2780 nocen-
838 2727 888 2777 695

583 2811 643 2846 um:
716 2835 720 2841 .
