1980 3074
153 155 202 203 lOl
325 153 362 202 m.
399 149 500 202 ANN.
536 149 717 202 LUCANl

151 271 181 320 ln
192 269 310 320 mediam
322 269 446 319 cecidere
458 276 559 318 ratem:
572 275 699 336 terraque
709 270 808 322 relicta

152 337 214 388 Non
224 337 296 389 valet
304 339 366 405 ipsa
375 337 453 404 sequi
461 351 578 403 puppes,
589 352 659 404 quae
670 345 791 401 vexerat,
802 355 880 390 aura.

151 410 277 474 Aequora
286 407 361 457 lenta
369 407 473 456 iacent:
492 404 548 455 alto
560 411 672 471 torpore
681 406 783 474 ligatae

92 477 144 528 435
155 477 262 544 Pigrius
267 475 388 526 immotis
399 472 513 525 haesere
524 472 667 540 paludibus
677 476 775 526 undae.

154 544 200 597 Sic
221 550 278 596 stat
294 545 368 595 iners
389 540 535 609 Scythicas
554 541 727 661 adstringens
747 545 890 612 Bosporus

629 626 664 661 un
684 628 715 662 as

154 685 221 733 Cum
227 719 235 744 ,
245 681 334 749 glaeie
345 682 495 741 retinente,
507 677 608 729 fretum
618 695 672 730 non
682 681 789 748 impulit
800 683 879 743 ister,

153 753 370 817 Immensumque
376 749 439 816 gelu
446 749 888 816 tegiturmarercomprimitunda,

153 820 306 888 Deprendit
316 831 499 885 quascunque,
510 821 598 867 rates:
609 832 661 868 nec
670 821 765 885 pervia
774 818 841 870 relis

91 890 143 939 440
156 887 483 956 Aequorafrangiteques,
494 883 740 951 fluctuquelatente
746 894 887 938 sonantem

48 985 59 998 ,.
153 958 251 1008 Orbita
260 957 401 1023 migrantis
412 954 511 1005 scindit
520 953 663 1005 Maeotida
674 956 761 1007 Bessi.

153 1025 245 1078 Saeva
255 1026 332 1092 quies
342 1024 445 1091 pelagi,
456 1028 617 1089 moestoque
627 1025 727 1091 ignava
737 1024 873 1092 profundo

153 1094 259 1163 Stagna
268 1093 384 1144 iacentis
395 1106 495 1160 aquae:
514 1091 596 1141 veluti
609 1092 720 1144 deserta
729 1095 837 1161 rigente

153 1168 280 1232 Aequora
289 1168 389 1213 natura
399 1166 521 1223 cessant,
532 1167 695 1228 pontusque,
706 1169 829 1214 vetustas

93 1235 144 1286 445
156 1234 263 1285 Oblitus
273 1247 382 1283 servare
393 1232 480 1292 vices,
491 1243 545 1279 non
556 1237 693 1281 commeat
703 1237 795 1293 aestu,

154 1303 215 1354 Non
226 1301 341 1353 horrore
351 1300 457 1362 tremit,
468 1314 523 1350 non
533 1298 597 1348 solis
607 1300 725 1366 imagine
735 1298 832 1351 vibrat.
862 1316 872 1337 ⁸

155 1372 268 1423 Casibus
279 1371 427 1422 innumeris
437 1369 509 1419 fixae
520 1373 634 1435 patuere
645 1370 762 1419 carinae.

154 1441 230 1491 lllinc
239 1440 357 1491 infestae
369 1439 470 1490 classes
481 1443 510 1488 et
518 1436 618 1487 inertia
628 1438 714 1487 tonsis

154 1511 281 1577 Aequora
293 1516 433 1568 moturae,
442 1507 534 1574 gravis
545 1503 608 1556 hinc
618 1505 749 1573 languore
760 1505 888 1572 profundi

94 1578 145 1627 450
158 1577 283 1628 Obsessis
293 1583 409 1626 ventura
419 1574 514 1625 fames.
544 1572 623 1624 Nora
633 1581 698 1625 vota
708 1575 800 1625 timori

157 1645 226 1696 Sunt
235 1646 346 1694 inventa
357 1656 442 1703 novo,
453 1640 552 1691 ssucms
563 1643 712 1711 niuriasque
722 1644 830 1708 precari

156 1714 308 1764 Ventorum
319 1713 404 1773 vires,
416 1709 481 1759 dum
492 1724 521 1759 se
533 1710 704 1776 torpentibus
715 1711 788 1762 unda

157 1781 288 1832 Excutiat
298 1780 416 1846 stagnis,
428 1783 456 1828 et
465 1778 501 1826 sit
512 1792 595 1829 mare.
624 1779 723 1830 Nubila
734 1795 875 1848 nusquam,

158 1850 350 1915 Undarumque
362 1849 463 1896 minae:
482 1846 560 1897 coelo
571 1847 726 1916 languente,
737 1848 873 1916 fretoque,

97 1921 148 1970 455
160 1917 303 1985 Naufragii
313 1932 376 1982 spes
387 1916 474 1966 omnis
485 1914 550 1965 abit.
578 1914 632 1967 Sed
644 1923 724 1969 nocte
734 1917 831 1986 iugata

158 1989 278 2054 Laesum
289 1985 361 2036 nube
371 1984 429 2035 dies
438 1984 517 2034 iubar
528 1985 638 2047 extulit,
647 1988 756 2053 imaque
765 1987 866 2038 sensmr

159 2055 303 2108 Concussit
312 2054 415 2121 pelagi,
426 2053 566 2120 movitque
577 2055 711 2106 Ceraunia
721 2057 820 2107 nautis.

159 2125 224 2176 inde
235 2126 295 2192 rapi
306 2137 422 2190 coepere
433 2128 523 2185 rates,
534 2129 616 2190 atque
628 2138 748 2191 aequora
758 2125 874 2175 classem

160 2198 249 2247 Curva
258 2193 349 2260 sequi,
360 2207 429 2260 quae
438 2192 494 2242 iam
504 2198 586 2242 vento
597 2190 736 2260 fluctuque
746 2193 867 2245 secundo

98 2265 150 2314 eto
161 2265 255 2331 Lapsa
265 2261 435 2313 Palaestinas
445 2261 523 2310 uncis
532 2261 646 2311 confixit
655 2277 761 2312 arenas.
800 2313 802 2318 ,

210 2334 303 2383 Prima
313 2331 397 2382 duces
406 2330 474 2380 vidit
484 2330 584 2380 iunctis
596 2331 745 2382 consistere
756 2331 855 2382 castris

160 2397 894 2468 'l'ellus,quamvolucerGeuusus,quammolliorApsus

160 2473 306 2522 Circueunt
317 2468 391 2535 ripis.
418 2470 491 2534 Apso
502 2472 612 2534 gestare
625 2469 732 2518 carinas

160 2541 263 2591 Caussa
273 2537 359 2606 palos.
370 2536 424 2588 leni
434 2550 514 2604 quam
526 2532 622 2586 fallens
632 2537 720 2603 egerit
730 2536 812 2586 unda

99 2607 150 2659 455
162 2611 197 2659 At
207 2609 296 2661 Genus
358 2622 429 2657 nunc
440 2605 498 2657 sole
508 2604 598 2666 nives,
608 2619 679 2654 nunc
689 2604 777 2656 imbre
788 2605 896 2659 solutae

160 2679 184 2712 ¹¹
260 2680 285 2744 pi
344 2673 508 2728 ‚snouterlc
560 2686 602 2720 ¹re
612 2673 721 2741 tergite
730 2673 824 2736 lassat,

752 2956 790 2975 κ.

822 3008 841 3049 ἰ
