1980 3074
183 213 472 266 putassem.
509 213 589 263 tritt
628 214 678 264 lV.
765 213 799 262 ’11

62 335 186 384 Caesaris
195 335 235 384 ire
247 333 330 394 ridet,
342 332 441 383 celsam
452 331 576 382 Petreius
589 330 704 382 Ilerdam

63 403 184 453 Deserit:
205 408 232 452 et
243 402 299 451 uoti
310 401 413 451 diffisus
424 401 525 452 viribus
538 400 621 462 orbis,
809 398 859 449 145

63 471 211 520 ludomitos
224 469 330 536 quaerit
339 469 463 536 populos,
476 475 505 520 et
515 483 623 534 semper
633 469 659 517 in
673 484 749 586 arrqp

63 541 159 589 Mortis
171 553 263 588 amore
274 536 357 599 feros,
369 544 397 587 et
407 537 494 587 tendit
504 539 530 587 iu
544 537 638 587 ultima
648 553 711 586 niun
742 573 748 587 .

115 606 239 658 Nudatos
251 606 351 657 Caesar
362 605 454 666 colles,
465 605 626 672 desertaque
638 612 730 656 castra

62 677 251 742 Conspiciens,
273 689 371 740 capere
391 689 468 724 arma
486 674 574 724 iubet:
597 688 647 726 nec
667 688 798 740 quaerere

533 749 653 808 pontem,

62 815 118 865 Nec
130 815 209 874 vada,
221 813 269 866 sed
281 812 355 862 duris
367 810 476 863 fluvium
487 826 616 877 superare
627 812 745 862 lacertis.
807 811 858 861 150

62 886 192 933 Paretur:
204 882 348 949 rapuitque
359 895 440 931 ruens
451 882 478 929 in
490 880 593 946 proelia
604 881 689 942 miles,

62 952 140 1013 Quod
152 951 259 1019 fuglens
268 950 411 1010 timuisset,
423 950 483 999 iter.
502 950 568 1000 Mox
581 949 635 1000 uda
645 950 764 1017 receptis

62 1020 185 1070 Membra
195 1020 289 1070 fovent
300 1020 391 1081 armis,
400 1017 558 1085 gelidosque
571 1034 587 1068 a
597 1019 705 1087 gurgite
717 1033 796 1069 cursu

63 1090 216 1139 Restituunt
228 1094 312 1150 artus,
323 1088 411 1137 donec
423 1086 595 1138 decresceret
605 1087 710 1148 umbra,

63 1159 90 1206 ln
102 1157 220 1208 medium
232 1162 359 1224 surgente
372 1155 423 1206 die.
453 1157 563 1224 lamque
574 1157 681 1224 agmina
692 1170 797 1206 summa
808 1156 857 1204 l55

62 1228 154 1291 Carpit
165 1240 256 1293 eques,
263 1224 389 1292 dubiique
400 1223 481 1291 fugae
493 1239 652 1292 pugnaeque
662 1231 797 1275 tenentur.

113 1294 256 1344 Adtollunt
269 1308 366 1358 campo
377 1293 502 1359 geminae
513 1293 577 1358 iuga
587 1307 671 1342 saxea
681 1307 763 1358 rupes

64 1362 139 1413 Valle
152 1377 220 1412 cava
231 1360 329 1411 media.
359 1360 453 1409 Tellus
463 1357 525 1409 hinc
536 1360 622 1410 ardua
632 1359 720 1410 celsos

62 1431 209 1479 Continuat
220 1428 316 1478 collese
328 1433 405 1477 tutae
417 1441 485 1493 quos
496 1427 567 1476 inter
579 1442 667 1492 opaco

61 1497 191 1547 Anfractu
202 1496 307 1546 latuere
317 1496 390 1545 riae:
409 1495 512 1555 Quibus
524 1492 603 1545 hoste
615 1496 702 1561 potito
811 1497 857 1546 1611

63 1564 206 1625 Faucibus,
217 1564 304 1614 emitti
316 1569 449 1614 terrarum
460 1565 487 1613 in
499 1563 577 1614 devia
587 1564 705 1614 Martem

63 1635 144 1700 lnque
156 1633 228 1684 ieras
239 1638 344 1700 gentes,
356 1632 457 1684 Caesar
467 1631 548 1683 ridet.
568 1631 611 1684 lte
620 1633 677 1684 eine
688 1634 741 1684 ullo

62 1701 174 1763 Ordine,
185 1703 232 1765 ait,
245 1701 484 1772 raptumquefitga
497 1702 643 1754 convertite
653 1701 757 1764 bellurn,

61 1771 97 1822 Et
104 1772 209 1840 sociem
219 1787 338 1839 pugnae,
349 1773 491 1838 vultusque
500 1771 601 1840 inferte
612 1772 743 1824 tristarer.-

60 1840 114 1893 Nec
126 1841 208 1892 liceat
214 1841 321 1907 pavidis
332 1840 433 1909 ignoto
444 1839 595 1892 occurrrbere
605 1851 705 1894 morte.-
809 1843 855 1891 los

59 1909 214 1976 Excipient
225 1919 299 1962 recto
305 1909 448 1978 fugientes
456 1910 690 1981 pectoreferrum.

60 1980 144 2040 Dixit,
156 1987 184 2029 et
196 1979 230 2029 ad
242 1985 348 2029 montes
360 1979 514 2029 tendentem
528 1981 668 2045 praevenit
679 1978 794 2032 hostem.

61 2049 115 2098 llllc
127 2050 226 2114 exiguo
238 2047 357 2112 paullum
368 2047 497 2097 distantia
509 2048 578 2097 vallo

60 2119 157 2167 Castra
166 2115 266 2166 locant.
285 2115 433 2180 Postquam
445 2117 534 2180 spatio
545 2116 701 2182 languentia
712 2117 784 2167 nullo

59 2186 157 2234 Mutua
168 2184 329 2249 conspicuos
340 2179 493 2232 habuerunt
503 2183 604 2233 lumina
614 2185 711 2245 vultus,
810 2187 854 2233 rto

59 2254 96 2302 Et
106 2251 206 2302 iratres
215 2256 349 2316 natosque
360 2264 424 2299 suos
436 2249 537 2311 videre,
549 2255 708 2318 patresquc3

61 2322 230 2388 Deprensum
241 2324 283 2369 est
293 2317 370 2368 civile
380 2316 470 2368 nefas:
488 2324 600 2368 tenuere
612 2335 757 2387 parumper

59 2391 116 2440 (lra
126 2395 214 2440 metus
226 2393 332 2437 tantum
344 2392 410 2435 nutu
421 2390 550 2452 motoque
563 2386 682 2438 salutant

61 2461 130 2509 Ense
139 2472 212 2508 suos.
242 2456 309 2506 llos
318 2461 350 2505 ut
360 2453 475 2505 stimulis
486 2455 633 2506 maioribus
645 2457 743 2509 ardens

58 2528 140 2592 Rupit
151 2541 228 2577 amor
238 2524 322 2592 leges,
333 2523 415 2574 audet
426 2524 620 2577 transcendere
629 2525 728 2592 vallum
809 2529 855 2576 115

56 2596 144 2654 Miles,
154 2596 183 2646 in
194 2595 334 2661 amplexus
345 2591 446 2644 effusas
522 2608 568 2643 ere
578 2595 692 2648 pslnm

60 2664 181 2730 Hospitis
191 2664 236 2716 ille
248 2664 302 2715 ciet
312 2677 424 2726 nomen3
438 2677 473 2712 ru

57 2732 190 2782 Admonet
200 2731 271 2782 hunc
282 2731 378 2783 studiis
390 2743 448 2782 coru
