1980 3074
134 259 424 313 Pususnhls.
459 261 549 312 [ΛΒ.
578 262 597 312 Ι.
715 261 731 313 8

68 379 621 446 ssluuestuconcurruntproelinltlundu¹
757 383 791 432 lo

68 449 310 511 Boeseul‘eruslnn
320 449 415 509 lenum,
426 449 601 515 Mutinaeque
612 449 720 500 labores

68 518 132 570 lent
141 517 219 580 istim
231 523 272 578 et,
283 531 350 585 ques
359 519 459 584 premit
469 530 580 582 aspero,
592 517 702 578 classes,

69 602 116 650 ως
127 592 156 636 et
166 585 272 636 ardenti
282 586 390 637 servilis
399 585 471 636 bella
480 585 531 636 sub
542 585 641 635 Aetne:

69 671 110 707 um
120 655 209 705 Roma
216 659 308 706 tomen
318 654 400 706 debet
411 654 532 705 civilibus
542 655 633 716 omnis,

69 723 136 775 ltibl
146 737 190 774 res
202 729 265 774 ectu
276 731 326 775 est.
354 725 412 784 Te,
428 739 524 790 quum,
540 724 659 773 statione
670 739 729 790 per-

467 795 538 852 acto,
755 795 788 843 45

69 867 160 927 opetes
170 875 256 922 serus,
267 861 382 927 praelati
393 861 469 928 regis
478 859 548 912 coeli

69 931 133 995 piet,
143 929 280 996 gaudente
292 929 364 996 polo,
376 943 425 980 seu
435 934 544 995 sceptra
554 935 658 992 tenere,

69 1013 88 1048 :e
99 995 282 1066 flammigeros
292 995 396 1050 Phoebi
408 999 592 1050 conscendere
605 1014 708 1060 currus,

69 1081 185 1135 [remque
195 1064 261 1118 nihil
271 1073 376 1118 mutato
388 1067 445 1118 sole
455 1069 596 1118 timentem

70 1150 139 1204 sego
151 1136 268 1187 lustrare
277 1137 366 1187 iuvst:
385 1135 434 1187 tibi
445 1137 553 1187 numine
566 1136 599 1186 ab
611 1138 683 1187 omni
755 1138 787 1185 50

69 1210 121 1267 tur,
131 1205 237 1272 iurique
248 1210 296 1255 tuo
307 1210 405 1256 nutura
416 1204 557 1273 relinquet,

70 1273 138 1324 (leus
149 1287 209 1324 esse
219 1273 300 1335 velis,
315 1273 361 1324 ubi
372 1287 484 1340 regnum
494 1288 596 1339 ponere
607 1273 708 1322 mundi.

70 1343 184 1410 usquein
193 1343 295 1392 Arctoo
306 1340 398 1392 sedem
409 1340 458 1391 tibi
467 1342 566 1407 legeris
577 1341 652 1400 orbe,

70 1410 139 1475 tolus
150 1410 238 1459 aversi
249 1408 352 1459 calidus
362 1423 418 1475 quo⁴
426 1410 546 1475 vergitur
560 1410 661 1468 ilustri;

79 1485 156 1528 tuam
166 1476 260 1526 rideas
271 1474 379 1542 obliquo
390 1475 479 1525 sidere
490 1475 612 1525 Romam.
754 1479 787 1529 5⁵

70 1547 117 1602 ctis
126 1544 250 1594 immensi
261 1549 366 1609 portem
377 1544 399 1594 si
410 1545 543 1610 presseris
554 1560 644 1607 uuam,

71 1620 100 1666 ct
110 1613 169 1663 uxis
181 1626 257 1664 onus.
275 1610 382 1664 Librati
392 1613 515 1680 pondera
526 1614 595 1666 coeli

75 1689 139 1734 tene
149 1680 253 1733 medio:
265 1697 328 1749 pers
338 1680 512 1734 nctberisilla
523 1687 612 1736 sereni

77 1757 170 1814 vacet,
181 1751 323 1820 nullaeque
335 1753 445 1804 obstent
456 1769 474 1804 a
484 1754 601 1805 caesare
613 1755 706 1806 nubes.

80 1837 164 1890 genus
175 1817 321 1872 huruanum
332 1823 428 1888 positis
437 1822 489 1873 sibi
500 1823 624 1874 consulat
634 1825 725 1885 armis,
753 1824 785 1874 oo

71 1911 73 1938 ι
84 1891 171 1942 vicem
182 1905 249 1957 gens
259 1892 345 1942 omnis
357 1899 442 1942 emet:
459 1893 519 1942 Pes
530 1894 671 1958 missaper
682 1908 723 1942 or-

460 1961 522 2011 beru

71 2043 92 2078 :a
101 2028 224 2095 belligeri
235 2034 393 2094 compescat
402 2029 494 2080 limina
505 2029 571 2079 luni.

71 2095 120 2147 nihi
128 2098 183 2147 iam
194 2112 306 2148 nument
321 2111 380 2157 nec,
392 2099 453 2148 site
465 2103 577 2164 pectore
588 2107 664 2150 vates

72 2166 109 2226 io,
121 2161 251 2216 Cirrhaea
261 2165 340 2215 velim
350 2173 459 2217 secreto
469 2172 623 2216 moventem

71 2235 143 2284 itare
155 2232 249 2291 deum,
261 2229 454 2301 Bacchumque
464 2239 589 2284 evertere
600 2234 624 2284 N
624 2250 684 2300 yso.
750 2235 783 2285 65

71 2303 109 2352 tis
120 2299 155 2351 ad
167 2299 270 2349 dandos
281 2299 404 2350 Romane
413 2303 440 2352 in
450 2302 572 2352 carmina
580 2302 659 2352 sires.

71 2377 105 2422 ut
120 2370 224 2419 animus
241 2383 337 2418 causes
351 2373 488 2419 tantarum
507 2383 666 2434 expromere
682 2387 724 2422 re·

462 2452 530 2498 rum,

73 2523 204 2576 usumque
215 2507 336 2574 aperitur
346 2521 423 2574 opus,
435 2506 499 2576 quid
508 2508 536 2556 in
548 2521 624 2558 arms
635 2507 724 2559 furen-

462 2583 517 2628 tem

72 2646 280 2713 ‚eritpopulum‚
298 2645 362 2714 quid
373 2662 469 2713 pacem
483 2648 635 2698 excusserit
645 2647 713 2698 orbi.

72 2715 208 2767 uictorum
219 2717 313 2777 series,
324 2720 489 2786 summisque
500 2722 628 2785 negatum
750 2720 782 2768 'lo

77 2786 136 2848 diu3
152 2787 288 2854 nimioque
298 2799 396 2853 graves
407 2787 457 2839 sub
468 2786 589 2854 pondere
599 2788 704 2855 lapsus:
