1980 3074
227 187 260 235 50
400 188 437 237 Μ.
474 185 573 237 Aah.
609 186 788 237 Lucani

229 307 373 371 Dispersus
382 304 456 354 silvis
466 303 604 365 Athamas,
616 312 644 355 et
655 306 763 356 nomine
774 308 865 372 prisco

227 371 385 435 Encheliae,
396 374 468 423 versi
478 379 611 424 testantes
622 373 720 423 funera
731 375 834 436 Cadmi,

169 440 218 492 100
231 439 354 502 Colchis,
375 448 404 492 et
418 439 549 492 Adriacas
570 456 698 508 spumans
717 442 853 508 Apsyrtos
872 446 901 494 in

700 511 795 572 undas,

225 579 262 629 at
272 577 356 629 Penei
366 579 411 645 qul
422 592 487 629 mira
498 577 599 640 colunt,
612 593 780 646 quorumque
791 578 886 630 labore

226 644 375 697 Thessalus
380 647 538 698 Aemoniam
543 646 899 712 vomerproscinditlolcon.

226 715 292 765 lnde
302 715 458 765 lacessitum
469 716 557 782 primo
569 728 653 776 mue,
665 729 726 765 cum
738 715 813 766 indm
823 717 897 783 Argo

225 784 337 834 Miscuit
345 785 454 850 ignotas
466 789 601 834 temerato
612 783 693 834 litore
704 790 809 851 gentes,

166 851 372 919 stepitusque
383 867 445 901 cum
456 853 553 914 ventis,
565 851 707 969 pelaplque
717 851 870 903 furentibus
879 853 960 904 undis

228 921 387 985 Composuit
397 920 513 970 mortale
522 935 617 988 geum,
658 921 677 969 t'
711 935 747 971 ue
758 935 808 986 per
818 921 893 970 fliam

226 988 349 1039 Accessit
359 1003 433 1039 mors
443 1003 498 1038 una
508 995 603 1039 ratem.
616 989 695 1038 'l'unc
716 989 960 1055 'nqniturllaemus

227 1054 370 1119 Thracius,
387 1063 416 1107 et
424 1057 552 1123 populum
562 1055 667 1107 Pholoe
679 1059 793 1107 mentita
802 1057 958 1109 biformem.

225 1125 369 1175 Deseritur
378 1122 507 1191 Strymon
518 1124 610 1190 tepido
623 1127 793 1176 committere
803 1125 865 1176 Nilo
901 1186 905 1191 ⁸

166 1194 216 1243 200
227 1194 364 1244 Bistonias
374 1201 520 1245 consuetus
532 1208 605 1255 aves,
615 1199 644 1244 et
653 1193 772 1245 barbara
781 1195 856 1246 Cone

225 1261 392 1313 Sarmaticas
397 1261 442 1312 uhi
449 1262 538 1328 perdit
543 1276 814 1330 aquas,sparsamque
820 1263 959 1330 profundo

224 1331 352 1381 Multifidi
361 1331 470 1382 Peucen
481 1345 562 1381 unum
574 1338 656 1396 capnt
668 1330 753 1381 adluit
762 1333 837 1382 lstri:

224 1400 377 1467 Mysiaque,
387 1405 417 1450 et
425 1400 515 1468 gelido
527 1399 606 1450 tellus
615 1398 727 1465 perlusa
735 1401 817 1450 Caico

223 1468 314 1530 idolis,
326 1474 355 1519 et
364 1470 474 1518 nimium
485 1468 571 1536 glebis
581 1468 659 1518 exilis
668 1468 772 1518 Arisbe.

164 1536 213 1586 205
227 1537 849 1604 QuiquecoluntPitanen‚etquaetuamunera,
857 1537 957 1595 Pallas.

223 1605 331 1672 Lugent
342 1605 486 1655 damnatae
497 1603 610 1655 Phoebo
622 1606 727 1656 victore
738 1605 886 1656 Celaenae:

225 1674 286 1734 Qua
297 1673 369 1724 celer
378 1681 407 1723 et
418 1674 481 1739 ripis
493 1673 660 1725 descendens
669 1675 783 1739 Marsya
792 1677 876 1724 rectis

223 1743 367 1791 Errantem
378 1740 547 1791 Maeandron
559 1742 625 1804 adit,
635 1744 790 1809 aristasque
801 1743 936 1794 refertur:

223 1810 361 1875 Passaque
372 1808 405 1858 ah
417 1808 542 1860 auriferis
554 1810 632 1861 tellus
644 1812 720 1862 exire
730 1811 847 1862 metallis

164 1879 214 1927 210
225 1876 371 1928 Pactolon:
383 1893 436 1945 qua
447 1878 521 1928 culta
531 1885 608 1930 secat
617 1894 671 1930 non
682 1880 760 1930 vilior
770 1881 899 1931 Hermus.

222 1946 322 1997 iliacae
334 1961 441 2014 quoqne
451 1947 529 2015 signa
539 1962 643 2010 manus,
655 1949 830 2017 perituraque
841 1955 936 2001 castra

224 2014 364 2066 Ominibus
377 2017 481 2081 petiere
492 2016 561 2066 suis:
572 2032 624 2068 nec
633 2015 727 2067 fabulo
738 2019 840 2068 Troiae

224 2083 371 2145 continuit,
383 2082 549 2153 Phrygiique
561 2084 652 2136 ferens
663 2101 692 2136 se
703 2087 805 2136 Caesar
817 2087 874 2136 lull.

222 2151 363 2203 Accedunt
372 2151 469 2218 Syriae
480 2154 581 2218 populi,
592 2154 717 2205 desertus
728 2155 856 2216 Orontes,

163 2221 214 2270 215
225 2221 263 2272 Et
272 2219 350 2283 lelix,
363 2223 414 2284 (sic
425 2221 510 2284 lama)
520 2221 618 2273 Ninos:
633 2228 747 2274 ventosa
757 2223 923 2288 Damascos,

224 2289 362 2356 Gazaque,
374 2298 403 2342 et
413 2290 524 2341 arbusto
534 2290 683 2358 palmarum
694 2291 769 2342 dives
781 2292 886 2354 iduma

222 2359 260 2409 Et
271 2359 362 2423 Tyros
371 2361 512 2422 instabilis,
524 2361 698 2426 pretiosaque
709 2362 812 2411 murice
823 2359 920 2413 Sidon.

221 2427 281 2477 llas
292 2426 326 2477 ad
335 2427 407 2478 bella
417 2435 500 2489 rates,
513 2443 566 2478 non
577 2427 649 2479 flexo
661 2429 745 2480 limite
756 2430 843 2495 ponti,

228 2496 335 2546 Certior
346 2493 417 2547 haud
427 2497 488 2547 ullis
499 2496 576 2546 duxit
587 2499 729 2562 Cynosura
739 2499 846 2548 carinis.

161 2563 212 2614 220
222 2561 373 2615 Phoenices
385 2565 472 2631 primi,
483 2564 572 2615 famae
584 2567 606 2615 si
618 2567 745 2628 creditur,
758 2568 816 2617 ausi

220 2630 377 2684 Mansuram
389 2633 500 2684 rudibus
511 2649 605 2684 rocem
617 2636 738 2702 signasse
750 2635 852 2702 liguris.

220 2698 346 2751 Nomium
357 2700 497 2753 flumineas
507 2699 642 2769 Memphis
654 2710 801 2755 contexere
811 2703 905 2758 biblos
