1980 3074
228 66 278 114 242
396 63 430 110 bi.
466 59 567 110 ΑΚΝ.
605 62 782 111 Lucani

167 183 217 235 530
228 180 341 233 Sublato
354 179 453 230 cecidit
464 178 565 229 rabies:
583 193 645 228 narn
657 193 748 229 rursus
759 179 786 229 in
799 194 879 229 arma

227 250 360 316 Auspiciis
372 246 540 312 Ganymedis
551 252 628 297 eunt:
648 261 681 297 ac
690 247 776 298 marita
785 249 910 300 secundo

229 318 338 370 Proelia
347 318 438 367 Marte
447 320 553 383 gerunt
576 315 678 378 Potuit,
689 315 845 367 discrimine
856 333 966 370 summo

232 389 364 447 Caesaris,
374 385 421 435 illa
431 383 489 434 dies
499 385 526 434 in
536 383 636 434 famam
648 390 678 433 et
687 383 798 434 saecula
806 386 890 435 mitti.

281 454 363 507 Molis
372 455 400 504 iu
411 454 525 520 exiguae
535 453 624 519 spatio
636 451 798 518 stipantibus
810 455 904 516 armis,

173 525 222 576 535
234 525 306 575 Dum
316 529 396 589 parat
404 524 431 572 iu
442 535 542 572 vacuas
551 521 670 571 Martem
680 518 830 572 transferre
845 524 956 574 carinas

231 593 295 644 Dux
305 592 411 652 Latius,
421 597 482 640 tcta
492 589 581 640 subito
592 587 736 640 formidine
745 588 809 639 beili

232 661 367 729 cingitur:
386 657 449 710 binc
459 658 559 709 densae
569 663 733 725 praetexunt
742 657 826 710 litora
836 659 950 725 classes,

232 731 304 780 Hinc
312 735 391 796 tergo
403 727 534 780 insultant
545 727 664 794 pedites:
681 727 727 778 via
736 726 810 779 nulia
820 727 929 793 salutis,

233 797 293 848 Nan
311 795 389 864 fuga,
403 811 456 846 non
468 797 566 846 virtus:
588 795 634 846 nx
652 810 721 915 spepl
730 811 839 864 quoque
852 799 952 849 mortis

740 880 775 915 ne
838 903 845 916 .

174 935 223 986 54⁰
235 933 294 985 Non
306 933 365 984 aeis
375 932 445 995 fissa,
456 946 507 982 nec
516 947 631 1000 magnae
642 879 742 1052 stt-apd
752 871 853 985 aggred

234 1001 389 1055 Vincendus
399 1006 465 1052 tunc
476 1001 577 1052 &esar
589 1009 656 1064 erat,
667 1017 697 1053 se
726 1004 857 1070 sanguine
868 1005 953 1067 nullo,

236 1073 337 1138 Captus
346 1075 422 1123 sorte
431 1069 493 1121 loci.
521 1069 636 1133 Pendet,
648 1070 780 1121 dubiusne
792 1072 913 1135 timeret,

236 1141 386 1208 Optaretne
396 1140 473 1190 mori.
501 1139 632 1205 Respexit
640 1140 669 1190 in
681 1140 789 1207 agmine
800 1139 886 1190 denso

238 1208 377 1271 Scaevam,
388 1214 537 1276 perpetuae
547 1209 673 1258 meritum
682 1208 737 1258 iam
748 1209 860 1258 uomina
869 1207 961 1260 lamae

177 1280 227 1329 545
239 1277 277 1328 nd
288 1291 408 1344 campos,
419 1276 578 1344 Epidamne‚
589 1282 665 1340 tuas3
684 1275 731 1326 ubi
741 1273 816 1327 solus
828 1277 930 1341 apertis

236 1346 351 1398 Obsedit
360 1345 444 1396 murls
455 1344 607 1396 calcantem
616 1343 725 1395 moenia
734 1344 875 1411 Magnum.

461 1586 676 1596 ..ι-’.κ
