1980 3074
198 208 481 262 vrtnnsshts.
518 212 607 262 bru.
635 214 691 265 iit.
780 213 815 264 59

77 329 114 379 Et
124 327 225 378 cnrdae
235 330 308 394 putri
321 326 456 378 fluxerunt
466 329 576 395 pulvere
588 339 690 381 cautes.

77 395 235 457 Procubuit,
247 398 387 464 maiorque
397 398 490 447 iacens
503 397 629 463 adpamit
641 413 733 466 agger.

129 465 198 530 Spes
209 466 287 515 victis
298 463 402 515 telluris
414 464 478 526 abit,
489 465 644 534 placuitque
657 467 793 533 profundo

78 533 227 583 Fortunam
235 539 343 583 tentare
353 534 430 582 mari.
460 531 632 585 Nonrobore
644 535 717 600 picto
823 539 873 588 tto

77 603 196 652 Ornatas
207 601 299 652 decuit
309 600 415 668 fulgens
425 601 512 651 tutela
524 603 640 663 carinas,

77 670 131 721 Sed
143 668 226 731 rudis,
238 675 266 720 et
276 669 362 736 qualis
373 669 527 735 procumbit
536 670 681 732 montibus,
693 673 776 724 arbor

77 738 243 801 Conseritur,
253 737 357 788 stabilis
367 737 508 788 navalibus
518 753 585 789 area
594 738 679 790 bellis.

78 809 112 856 Et
122 809 178 857 iam
188 808 352 874 turrigeram
362 806 442 857 Bruti
452 807 584 858 comitata
593 809 712 859 cannam
776 867 779 873 ¹

78 876 197 927 Venerat
206 876 233 925 in
244 874 343 925 fluctus
354 872 479 925 Rhodani
491 889 552 925 curn
562 877 670 944 gurgite
682 877 785 941 clusis,
821 881 871 930 515

76 940 246 994 Stoechados
252 950 427 994 arvatenens.
437 941 555 994 Necnon
561 950 589 994 et
595 943 811 999 Graiaiuventus

76 1015 163 1064 Omne
174 1027 251 1063 suum
260 1011 324 1063 fatis
336 1011 421 1062 voluit
431 1013 601 1064 committere
611 1014 707 1064 robur:

77 1081 307 1148 Grandaevosque
317 1094 396 1130 senes
407 1081 498 1131 nrixtis
508 1082 623 1133 armarit
633 1080 752 1150 ephebis.

75 1151 188 1216 Accepit
197 1164 250 1200 non
262 1149 322 1200 sola
333 1149 415 1211 viros,
426 1163 495 1216 quae
505 1150 633 1201 stabatis
643 1151 732 1213 undis,

76 1219 189 1279 Classis3
202 1225 230 1268 et
241 1218 369 1268 emeritus
380 1223 507 1284 repetunt
516 1217 656 1270 navalibus
668 1219 752 1270 alnos.
820 1220 870 1269 52⁰

76 1288 112 1338 Ut
121 1287 269 1337 matutinos
280 1300 411 1353 spargens
420 1300 503 1353 super
513 1300 634 1353 aequora
644 1284 772 1339 Phoebus

75 1356 169 1422 Fregit
180 1355 256 1421 aquis
265 1354 366 1414 radios,
379 1360 408 1405 et
416 1354 485 1406 iiber
495 1354 610 1405 nubibus
622 1353 725 1416 aether,

75 1423 112 1473 Et
123 1425 214 1488 posito
225 1423 324 1485 Borea,
336 1437 485 1490 pacemque
496 1423 650 1473 tenentibus
660 1423 774 1485 Austris,

75 1491 218 1542 Servatum
229 1490 300 1541 bello
307 1493 392 1541 iacuit
403 1505 487 1552 mare,
497 1492 582 1541 morit
592 1491 626 1541 ab
638 1493 711 1543 omni

76 1561 196 1626 Quisque
206 1574 282 1609 suani
293 1561 410 1610 statione
422 1559 687 1627 ratenr,paribusque
698 1560 809 1612 lacertis
820 1561 869 1612 525

75 1628 199 1679 Caesaris
210 1626 272 1678 binc
302 1628 377 1690 ubes,
388 1626 451 1679 binc
463 1627 548 1679 Graio
560 1629 662 1698 remige
675 1628 769 1680 classis

74 1697 269 1764 Tollitunimp
313 1711 345 1748 ae
355 1699 441 1748 tonsis
451 1703 586 1748 tremuere
598 1699 716 1760 casinae,

74 1766 228 1833 Crebraque
239 1764 366 1817 sublimes
378 1765 533 1817 convellunt
542 1766 656 1817 verbera
667 1781 779 1834 puppes.

74 1837 182 1885 Cornus
192 1835 330 1885 Romanae
342 1833 445 1897 classis,
457 1834 616 1902 vsudsequs
625 1836 759 1896 triremes,

75 1904 202 1971 Quasque
215 1910 310 1970 quater
320 1916 434 1970 surgens
445 1903 576 1953 exstructi
586 1904 695 1972 remigis
706 1904 774 1955 ordo
818 1905 869 1955 tto

74 1973 241 2033 Commouet,
249 1979 277 2021 et
285 1971 375 2037 plures
383 1986 451 2039 quae
462 1977 587 2039 mergunt
594 1987 712 2041 aequore
721 1972 808 2040 pinus,

74 2039 236 2107 Multiplices
247 2041 355 2090 cinxere
366 2046 449 2090 rates.
470 2040 532 2091 Hoc
543 2039 626 2091 robur
636 2047 732 2107 aperto

73 2110 115 2175 Op
137 2109 235 2158 ositum
247 2107 353 2174 peiugo.
381 2107 492 2159 Lunata
502 2108 593 2160 fronte
604 2110 744 2171 recedunt,

73 2178 96 2226 0
131 2176 138 2189 '
159 2181 329 2226 econteutae
341 2178 447 2243 gemino
459 2179 577 2228 crevisse
586 2177 716 2228 liburnae.

72 2242 177 2294 Celsior
189 2249 218 2292 at
229 2245 333 2294 cunctis
343 2244 422 2295 Bruti
431 2247 572 2313 praetoria
582 2247 678 2313 puppis
816 2247 867 2297 535

72 2311 238 2364 Verberibus
248 2313 320 2362 senis
330 2315 428 2381 agium,
438 2314 591 2382 molemque
603 2312 738 2379 profundo

71 2378 186 2444 invehit,
196 2387 224 2431 et
235 2383 345 2432 summis
357 2381 437 2449 longe
447 2384 517 2449 petit
527 2397 647 2450 aequora
657 2382 747 2433 remis.

123 2451 159 2501 Ut
168 2456 273 2501 tautum
284 2450 366 2501 medii
376 2449 466 2501 suerat
476 2452 569 2512 maris,
583 2456 698 2517 utraque
714 2449 807 2501 classis

72 2520 152 2581 Quod
163 2519 246 2571 semel
258 2521 378 2570 excussis
390 2525 485 2586 posset
496 2525 682 2569 transcurrere
693 2521 789 2581 tonsis,

71 2589 230 2640 Innumerae
241 2594 319 2640 vasto
331 2590 479 2640 miscentur
489 2588 544 2637 iun
592 2601 638 2638 ers
648 2601 745 2637 voces:
815 2588 866 2637 540

71 2657 268 2723 Remorumque
278 2672 360 2709 sonus
370 2671 425 2724 pret
497 2655 541 2704 wli
601 2655 741 2704 nenses}

70 2724 160 2774 Audiri
172 2738 287 2791 potuere
297 2725 388 2776 tubae.
417 2725 429 2776 ἰ
