1980 3074
223 143 393 194 CARMEN
430 144 481 193 AD
518 143 715 196 PISONEM.
779 144 830 194 24⁹

97 269 207 324 certus,
219 269 248 312 et
258 260 310 311 hoe
320 263 377 312 veri
389 262 570 329 complectere
580 265 676 331 pignus
688 263 796 313 amor-is.

99 332 180 394 Quod
192 331 216 381 si
225 330 307 396 digna
317 336 365 380 tua
374 329 462 379 minus
473 335 515 381 est
525 344 586 381 mea
595 332 696 397 pagina
706 329 795 391 laude,

99 404 133 452 At
143 399 261 450 voluisse
271 404 315 448 sat
324 405 379 449 est:
398 398 524 459 animum,
535 413 588 449 non
600 399 728 459 carmina,
737 398 820 448 iacto.

101 472 145 520 Tu
156 467 238 518 modo
248 466 337 517 laetus
348 465 423 528 ades,
434 465 526 517 forsan
538 466 652 517 meliora
661 481 797 517 canemus.

100 539 137 588 Et
148 538 219 588 vires
231 534 307 585 dabit
315 536 374 601 ipse
385 532 472 597 favor,
482 533 558 585 dabit
566 536 627 601 ipsa
636 534 755 586 feracem
842 537 892 584 205

101 606 170 673 Spes
181 605 312 654 animum:
332 603 443 671 dignare
454 608 517 654 tuos
528 603 634 669 aperire
644 603 772 654 Penates.

101 676 164 725 Hoc
174 673 261 724 solum
271 673 401 739 petimus:
419 686 470 723 nec
481 672 551 722 enirn
563 687 606 722 mo
617 672 706 723 divitis
718 674 777 723 auri

100 743 251 809 imperiosa
261 740 357 804 fames,
368 746 397 792 et
405 739 523 792 habendi
533 757 616 792 saera
626 740 709 792 libido

100 810 248 879 impulerit,
259 809 307 861 sed
317 809 405 862 laudis
416 824 502 861 amor.
521 810 607 874 luvat,
618 811 729 880 optime,
740 818 831 862 tecum

101 881 218 947 Degere,
234 894 350 947 cumque
362 879 417 930 tuis
427 879 571 930 virtutibus
582 894 663 932 omne
692 895 723 930 er
733 894 830 932 aevum
841 881 891 930 21⁰

100 948 271 999 Carminibus
283 954 391 1000 certare
401 949 477 1000 meis.
508 895 718 1010 Sublimiorigo,

100 1016 129 1068 Si
139 1017 229 1069 famae
239 1014 303 1067 mihi
314 1016 410 1084 pandis
420 1018 482 1080 iter,
494 1018 517 1068 si
529 1017 649 1069 detrahis
660 1018 792 1070 umbram.

99 1086 198 1138 Abdita
209 1085 272 1152 quid
285 1086 397 1152 prodest
406 1087 533 1154 generosi
542 1101 612 1137 vena
621 1086 731 1148 metalli,

100 1153 129 1204 Si
142 1155 246 1204 cultore
258 1152 351 1204 careti
369 1154 433 1220 quid
443 1155 524 1204 inerti
534 1154 644 1204 condita
655 1161 744 1221 portu,

102 1220 131 1273 Si
141 1222 288 1273 ductorise
307 1227 344 1283 et,
356 1222 423 1272 ratis
433 1221 526 1283 efficit,
539 1223 629 1272 omnia
639 1223 761 1291 quamuis
843 1224 892 1271 215

100 1293 275 1341 Armamenta
284 1236 365 1351 {rae
374 1291 507 1358 teretique
517 1287 631 1342 fluentia
641 1290 711 1341 malo

102 1359 202 1416 Possit,
212 1364 241 1407 et
251 1371 367 1408 excusso
377 1356 514 1408 dimittere
524 1358 584 1409 vela
594 1359 724 1410 rudente!

101 1429 164 1495 lpse
174 1441 223 1494 per
233 1426 365 1477 Ausonias
375 1426 477 1477 Aeneia
488 1429 608 1479 carnaim
616 1435 712 1497 gentos

103 1497 154 1558 Qui
165 1501 254 1558 sonat,
264 1495 367 1563 ingenti
379 1496 425 1564 qui
435 1497 543 1546 nomine
553 1495 644 1564 pulsat
655 1497 809 1564 Olympum,

101 1565 312 1631 Maeoniumque
322 1578 414 1614 senem
425 1564 548 1616 Romano
559 1572 692 1633 provocat
701 1581 758 1623 ore,
843 1569 893 1615 220

101 1635 228 1686 Forsitan
238 1633 309 1685 illius
319 1634 438 1685 nemoris
447 1633 572 1686 latuisset
580 1637 607 1686 in
619 1635 723 1698 umbra,

102 1704 181 1766 Quod
193 1704 275 1765 canit,
286 1707 314 1754 et
325 1703 410 1754 sterili
420 1709 525 1755 tantum
536 1711 674 1758 cantasset
685 1720 779 1766 avena,

101 1774 213 1841 ignotus
224 1772 340 1892 populis,
351 1773 374 1824 si
385 1773 547 1826 Maecenate
558 1783 678 1828 careret:

102 1844 153 1903 Qui
165 1848 256 1892 tamen
287 1843 340 1893 aud
350 1843 396 1894 uni
407 1842 539 1910 patefecit
547 1843 640 1895 linsina
650 1847 714 1906 vati,

103 1911 160 1960 Nec
171 1926 220 1960 sua
232 1911 347 1978 Virgilio
360 1913 602 1976 permisitnumina
612 1913 671 1964 soli.
705 1908 712 1919 “
843 1913 892 1960 Ξὶῒ)

103 1979 250 2029 Maecenas
260 1978 380 2044 Tragion
391 1981 557 2045 quatientem
569 1981 674 2046 pulpita
684 1988 762 2048 gestu

102 2046 202 2097 Erexit
212 2045 333 2096 Varium.
361 2046 507 2097 Maecenas
520 2047 575 2099 alta
586 2048 719 2099 Thoantis

104 2115 183 2165 Eruit
192 2120 221 2164 et
232 2113 339 2180 populis
351 2114 471 2166 ostendit
481 2117 590 2166 nomina
602 2116 700 2167 Graiis.

104 2183 230 2234 Carmina
242 2181 370 2232 Romanis
380 2183 462 2234 etiam
473 2185 630 2235 resonantia
639 2183 757 2245 chordis,

102 2252 302 2318 Ausoniamque
311 2247 408 2316 chelyn
418 2252 526 2319 gracilis
534 2252 665 2317 patefecit
677 2254 782 2304 Horati.
845 2256 894 2302 230

103 2323 126 2373 0
138 2320 232 2383 decus,
242 2326 270 2371 et
280 2325 340 2370 toto
351 2321 450 2371 merito
460 2321 620 2373 venerabilis
630 2336 697 2373 aevo

102 2391 185 2442 Pierii
195 2389 283 2440 tutela
294 2386 379 2451 chori,
391 2403 444 2456 quo
455 2389 579 2456 praeside
590 2392 640 2441 tuti

102 2459 162 2510 Non
175 2473 302 2527 umquam
313 2463 390 2510 vates
399 2459 474 2526 inopi
485 2459 599 2511 timuere
607 2459 748 2511 senectae!

103 2528 216 2589 Quodsi
228 2530 287 2595 quis
299 2528 399 2579 nostris
408 2528 535 2594 precibus
545 2526 631 2590 locus,
643 2535 672 2579 et
681 2542 743 2579 mea
752 2534 818 2578 vota

102 2595 131 2647 Si
143 2604 262 2648 mentem
269 2597 377 2649 subiere
387 2603 472 2660 mam,
484 2596 666 2650 memorabilis
677 2596 742 2649 oiim
844 2597 897 2647 235

101 2665 146 2716 Tu
159 2663 221 2715 mihi
233 2665 379 2717 Maecenas
391 2667 471 2718 tereti
483 2665 630 2720 cantabero
640 2680 731 2719 versu.
