1980 3074
205 114 255 162 152
376 111 414 162 Μ.
451 108 555 160 ΑΝΝ.
591 109 769 162 LUCAM

205 232 309 297 Erepto
320 229 412 279 natale
423 228 502 279 feret.
531 230 610 278 Tunc
620 243 701 280 omne
711 230 840 282 Latinum

207 297 311 349 Fabula
320 313 419 349 nomen
430 298 494 347 erit:
516 295 627 358 Gabios,
634 297 781 366 Veiosque,
788 300 945 368 Coramque

205 367 321 418 Pulvere
331 368 376 417 vix
385 372 477 417 tectae
489 370 619 432 poterant
629 371 782 418 monstrare
792 368 897 431 ruinae,

208 436 377 504 ¹tibanosqun
387 435 468 498 lares,
480 433 716 502 Laurentinosque
727 441 841 503 penates

145 504 196 557 395
207 508 263 557 itus
274 520 399 568 vacuum,
411 503 484 571 quod
493 518 548 554 non
558 501 672 566 habitet,
683 505 735 555 nisi
741 510 822 556 nocte
834 513 946 569 coacta,

206 574 318 637 Invitus,
331 579 496 641 questusque
506 571 622 624 Numam
632 574 753 636 iussisse,
764 579 887 626 senator.

206 640 945 711 Nouaotashaeccarpsitedax,monimentaquererum

207 713 304 764 Putria
314 711 453 762 destituit:
473 711 573 760 crimen
585 709 663 761 ciuile
673 711 806 775 videmus,

207 782 264 831 'l'ot
275 795 376 831 vacuas
386 779 477 830 urbes.
497 778 613 829 Generis
624 794 677 846 quo
689 780 770 831 turba
780 781 895 832 redacta
900 789 945 834 est

146 850 196 900 400
210 847 347 900 Hannonit
366 849 439 898 Toto
452 847 545 913 populi
555 849 601 914 qui
612 849 749 900 nascimur
760 849 836 911 orbe,

206 917 265 969 Noc
276 931 368 968 muros
377 916 491 983 implere
501 917 574 978 viris,
585 932 636 968 nec
646 932 788 984 possumus
800 933 891 986 agros.

207 987 277 1039 Urbs
287 1001 338 1037 uos
348 1001 403 1037 uua
413 985 500 1052 capit:
520 986 611 1037 vincto
624 985 731 1038 fossore
742 987 869 1038 coluntur
947 1049 950 1056 ¹

207 1056 358 1124 Hesperiae
369 1059 491 1122 segetes:
509 1059 567 1105 stat
577 1055 659 1107 tectis
671 1057 758 1121 putris
770 1057 851 1107 avitis

206 1126 237 1176 lu
249 1123 338 1176 nullos
349 1124 454 1175 ruitura
465 1122 574 1175 domus:
593 1123 720 1192 nulloque
730 1123 900 1192 frequentem

147 1191 197 1243 {05
208 1195 272 1246 Cive
283 1209 333 1244 suo
344 1193 467 1254 Romam,
480 1192 528 1243 sed
538 1193 630 1243 mundi
640 1192 718 1245 faece
729 1193 872 1260 repletam,

207 1263 298 1322 Cladis
310 1278 342 1314 eo
353 1261 486 1324 dedimus,
499 1276 534 1312 ne
544 1267 622 1312 tanto
633 1263 660 1312 in
671 1267 795 1329 tempore
804 1261 906 1313 bellum

207 1333 265 1383 lam
276 1337 371 1399 posset
382 1331 459 1382 civile
470 1330 538 1398 geri.
565 1328 708 1382 Pharsalia
718 1333 788 1383 tanti

208 1402 311 1452 Caussa
320 1400 392 1452 maii.
422 1400 534 1462 Cedent,
545 1397 643 1450 feralia
652 1402 770 1463 nomiae,
782 1401 902 1461 Quoue,

206 1471 244 1523 Et
255 1472 385 1522 damnata
395 1469 441 1519 diu
451 1468 581 1518 Romanis
590 1468 658 1519 Allia
667 1467 756 1520 fastis.

145 1541 197 1590 sto
210 1541 349 1605 Tempora
359 1538 475 1605 signavit
484 1536 616 1587 leviorum
627 1537 714 1588 Roma
724 1537 872 1588 malorum:

207 1609 289 1660 Hunc
299 1606 385 1657 voluit
394 1607 499 1657 nescire
509 1605 591 1656 diem.
619 1605 674 1657 Pro
686 1607 777 1658 tristia
787 1606 857 1656 fatui

206 1679 278 1728 Aera
288 1673 449 1742 pestiferum
460 1679 560 1736 tractu,
571 1673 736 1742 morbosque
747 1673 872 1737 fluentes,

206 1746 387 1811 Insanamque
397 1741 511 1804 famem,
523 1744 723 1810 permissasque
733 1742 841 1812 ignibus
851 1742 944 1806 urbes,

208 1813 372 1880 Moeniaque
382 1813 410 1861 in
421 1826 552 1878 praeceps
562 1811 667 1862 laturos
678 1813 758 1878 plena
767 1818 903 1864 tremores

147 1885 198 1937 415
208 1884 248 1935 Hi
258 1887 371 1950 possent
381 1880 490 1946 explere
499 1880 558 1943 viri,
570 1894 638 1947 quos
649 1881 766 1949 undique
776 1883 861 1933 traxit

207 1953 238 2004 lu
248 1953 375 2002 miseram
386 1950 510 2000 Fortuna
519 1964 623 2012 necem,
634 1950 697 2000 dum
708 1965 821 2002 munera
828 1949 905 2019 longi

208 2021 336 2088 Explicat
346 2020 463 2086 eripiens
475 2019 544 2080 aeri,
555 2019 724 2087 populosque
736 2019 874 2085 ducesque

209 2090 357 2142 Constituit
366 2088 483 2154 campis:
504 2103 553 2155 per
563 2102 631 2155 quos
641 2088 699 2149 tibi,
712 2088 809 2149 Roma,
819 2090 912 2140 raeuti

209 2159 353 2221 Ostendat,
365 2172 445 2225 quam
455 2171 555 2225 magna
567 2156 659 2221 cadas.
684 2158 744 2219 Quo
755 2157 839 2208 latius
849 2156 944 2208 orbern

147 2232 199 2280 420
210 2227 346 2289 Possedit,
356 2227 436 2277 citius
447 2240 496 2293 per
507 2241 639 2292 prospera
649 2224 708 2277 iata
718 2225 847 2277 cucurrit.

209 2299 295 2357 Omna
307 2297 356 2348 tibi
366 2295 466 2346 bellum
476 2300 572 2362 gentes
584 2293 660 2346 dedit
668 2295 792 2346 omnibus
803 2296 894 2345 mnis:

210 2368 251 2419 'l'e
260 2366 397 2435 geminum
410 2364 493 2414 Titan
503 2361 654 2429 procedere
664 2363 732 2414 vidit
740 2364 768 2413 in
779 2377 868 2414 axem.

209 2435 290 2487 Haud
304 2433 417 2485 multum
427 2439 518 2483 terrae
529 2431 646 2497 spatium
658 2431 781 2483 restabat
792 2432 879 2492 ane,

209 2506 245 2557 Ut
256 2505 305 2557 tibi
316 2517 380 2565 uox,
391 2502 440 2552 tibi
452 2506 513 2551 tots
522 2499 589 2561 dies,
602 2498 651 2550 tibi
662 2505 786 2552 curreret
794 2498 901 2561 aether,
951 2510 960 2548 .·

146 2576 199 2626 425
212 2575 363 2640 Omniaque
374 2578 497 2622 errantes
507 2568 602 2620 stellae
612 2568 736 2620 Romana
745 2568 878 2621 riderent.

210 2642 263 2694 Sed
275 2648 349 2692 retro
361 2645 409 2690 trra
419 2637 478 2689 fata
487 2636 550 2688 tulit
559 2653 610 2704 por
620 2637 744 2688 omnious
755 2638 834 2688 annis
