1980 3074
230 221 520 276 PHARSALIA.
557 222 699 272 lilB.ll.
798 220 832 271 41

98 342 290 410 Riphaeasque
301 357 409 401 inauras,
421 350 447 391 et
458 356 525 405 quas
536 350 606 391 tenet
616 345 731 403 aequore
743 341 824 389 derisa
843 337 893 388 640

96 411 185 480 Pigra
192 414 274 478 palus
286 409 408 479 Scythici
415 409 524 476 patiens
535 407 673 459 Maeotica
680 408 810 474 plaustri.

98 481 152 530 Sed
162 481 227 546 quid
235 484 317 546 plura
328 479 435 529 inurar?
453 488 522 529 totos
534 493 604 538 mea,
615 485 686 535 aute,
696 492 747 542 per
758 486 833 527 ortus

96 549 174 601 Bella
180 549 268 619 seres,
280 558 389 614 totoque
399 545 475 597 urbes
487 544 608 614 agitabis
617 545 645 596 in
656 545 718 595 orbe

97 618 285 669 Perdomitas:
297 632 384 668 ornnes
396 615 545 666 redeuntia
558 623 650 666 castra
662 613 801 679 triusuplii.

96 685 137 736 Et
147 702 200 746 aas,
213 686 259 751 qui
271 685 366 736 Latios
377 684 401 735 si
422 683 496 735 natis
508 683 719 753 nominesaatos.
843 681 892 731 645

97 754 209 806 Primus
219 754 248 806 in
260 754 377 820 Epirum
414 769 492 804 oreas
503 762 588 820 agat:
600 752 660 802 inde
669 767 718 817 per
728 767 794 802 arua

100 822 247 875 Graiorum
259 821 448 890 Macetumque
460 836 541 874 nonas
553 820 688 886 adquirite
700 820 785 870 uires.-

96 889 170 942 Dum
177 891 299 958 pacidat
309 902 413 958 tempus
423 890 515 941 bissus.
553 887 598 939 Sic
609 888 692 951 fatur,
704 895 733 939 et
743 903 836 938 omnes

98 961 176 1011 lussa
185 966 293 1028 gerunt,
302 962 465 1027 solvuntque
476 974 558 1010 cavas
570 974 586 1008 a
598 959 677 1008 litore
690 973 802 1025 puppes.

150 1031 184 1079 At
195 1045 340 1096 numquam
351 1031 458 1095 patiens
469 1029 553 1095 pacis,
564 1027 717 1095 longaeque
728 1027 826 1093 quietis
842 1024 892 1074 650

97 1099 250 1160 Aeniorum,
262 1113 296 1148 ne
307 1099 369 1166 quid
380 1097 444 1148 fatis
455 1104 561 1147 mutare
573 1097 677 1156 liceret,

98 1167 261 1233 Adsequitur
271 1168 417 1234 generique
428 1168 527 1231 premit
538 1167 654 1232 vestigia
661 1166 769 1216 Caesar.

98 1232 263 1285 Sufficerent
273 1235 331 1284 aliis
343 1237 430 1300 primo
442 1242 485 1284 tot
494 1235 602 1283 moenia
614 1249 694 1282 cursu

98 1303 197 1369 Rapta,
209 1309 253 1352 tot
264 1317 411 1368 oppressae
423 1302 541 1367 depulsis
552 1300 676 1351 hostibus
688 1315 779 1349 arces:

98 1372 162 1437 lpso
175 1375 257 1435 eaput
267 1370 359 1419 mundi
368 1370 501 1419 bellorum
513 1371 632 1418 maxima
642 1382 755 1427 merces,
844 1367 893 1417 655

99 1438 186 1487 Roma
197 1439 257 1503 capi
268 1437 369 1486 facilis.
381 1436 435 1487 Sed
442 1438 543 1486 Caesar
553 1438 578 1484 in
592 1436 682 1485 omnia
693 1449 833 1501 praeceps,

98 1505 141 1556 Nil
150 1505 371 1565 actumcredens‚
383 1520 444 1554 cum
457 1503 519 1570 quid
527 1510 683 1569 superesset
690 1502 833 1571 agendum,

99 1576 187 1624 lnstat
193 1580 285 1623 atrox:
299 1571 431 1634 etadhuc‚
442 1571 834 1640 quamvispossederitomnem

99 1643 214 1704 ltaliam,
226 1647 349 1693 extremo
360 1642 456 1692 sedeat
464 1641 536 1709 quod
545 1641 625 1692 litore
637 1642 762 1709 Magnus,

99 1714 275 1762 Communem
286 1717 377 1761 tamen
390 1726 449 1762 esse
462 1710 549 1761 dolet:
562 1725 612 1760 nec
623 1726 717 1762 rursus
728 1717 823 1777 aperto
843 1710 893 1759 ooo

99 1781 164 1832 Volt
175 1779 269 1832 hostes
280 1795 373 1831 errare
386 1779 468 1842 freto,
480 1780 528 1830 sed
539 1779 655 1831 molibus
666 1779 753 1830 undas

97 1850 231 1911 Obstruit‚
243 1856 271 1900 et
283 1850 368 1900 latum
380 1849 495 1900 deiectis
507 1850 619 1916 rupibus
630 1865 740 1916 aequor.

97 1920 176 1970 Cedit
184 1920 210 1969 in
221 1920 381 1970 immensum
394 1933 488 1969 cassus
500 1918 591 1968 labor:
603 1920 695 1968 omnia
705 1924 817 1985 pontus.

97 1988 196 2038 Haurit
207 2002 275 2039 saxa
284 2002 378 2048 vorax,
390 1992 550 2054 montesque
561 1988 696 2037 immiscet
708 1988 805 2038 arenis.

98 2057 134 2108 Ut
144 2057 226 2106 maris
238 2058 338 2122 Aegaei
348 2056 451 2106 medias
462 2057 484 2105 si
497 2055 585 2106 celsus
594 2057 621 2105 in
633 2055 720 2106 undas
842 2055 892 2104 ooo

98 2124 259 2190 Depellatur
268 2125 355 2188 Eryx,
365 2123 455 2173 nullae
465 2130 558 2173 tanuen
571 2138 691 2190 aequore
702 2138 783 2190 rupes

98 2193 253 2252 Emineant,
264 2191 308 2241 vel
319 2193 340 2240 si
353 2192 483 2241 convulso
494 2193 599 2241 vertice
610 2191 717 2242 Gaurus

99 2259 217 2310 Decidat
226 2260 253 2308 in
264 2258 376 2309 fundum
386 2260 493 2323 penitus
504 2261 655 2324 stagnantis
667 2261 771 2310 Averni.

98 2330 173 2395 Ergo
184 2327 230 2378 ubi
241 2326 314 2378 nulle
323 2327 394 2377 vado
404 2327 492 2377 tenuit
503 2341 553 2375 sun
562 2326 683 2391 pondera
693 2329 787 2386 moles,

98 2399 177 2447 'l'unc
188 2396 291 2463 placuit
303 2396 390 2447 caesis
400 2396 540 2446 innectere
550 2393 657 2444 uinculo
667 2395 748 2457 siln's,
840 2396 890 2446 670

97 2465 261 2533 Roboraque
272 2466 410 2516 immensis
421 2464 477 2515 late
487 2463 603 2531 religare
615 2464 727 2514 catenis.

97 2534 181 2586 Tales
191 2533 265 2585 fama
272 2535 346 2585 canit
351 2533 483 2586 tumidum
493 2546 576 2584 suncr
586 2546 706 2584 aenuora
717 2532 835 2584 Xerxem

97 2605 289 2655 consenuisse
300 2603 457 2666 vias,mult1
509 2617 521 2654 c
582 2617 605 2656 m
657 2601 812 2664 rbusausus,

95 2672 289 2741 Europamque
299 2673 388 2736 Asiae,
399 2670 425 2725 δ’
537 2695 568 2724 ea
646 2669 801 2729 asaneus,

95 2739 264 2808 lacessitque
275 2740 404 2793 frotnmr.
452 2754 561 2793 »sinuo-u
881 2740 888 2746 '
