1980 3074
157 175 191 226 'lis
331 175 369 224 Μ.
406 174 506 225 aNn'.
543 173 763 225 Lucani,

158 293 265 344 l’allida
276 292 409 354 Dictaeis,
422 294 532 352 Caesar,
543 293 686 343 nascentia
694 294 767 342 saxis

157 361 288 412 lnfundas
299 363 409 412 aconita
419 360 519 428 palam,
531 361 653 410 Romana
663 361 788 410 iuventus

158 427 219 480 Non
232 429 349 497 decepta
357 430 441 480 bibet.
470 430 625 479 Torrentur
635 429 741 479 viscera
751 426 869 490 flamma,

98 499 148 549 325
160 500 270 566 Oraque
280 500 355 550 sicca
366 500 455 567 rigent
464 498 617 565 squamosis
628 511 726 564 aspera
735 497 841 564 linguis.

158 569 215 618 lam
225 573 350 618 marcent
360 566 455 630 ienae,
467 567 595 633 nulloque
606 563 720 616 humore
730 567 834 632 rigatus

157 637 234 687 Aeris
245 635 366 687 alternas
380 641 509 704 angustat
519 635 611 701 pulmo
622 641 737 695 meatus,

157 705 339 771 Rescissoque
348 711 450 756 nocent
460 699 657 769 suspiria’dura
666 703 759 770 palato

157 773 285 824 Pandunt
295 788 345 824 ora
355 780 457 835 tamen,
469 778 686 838 nocturnumque
698 786 764 822 aera
775 779 897 840 captant.

98 842 441 908 33⁰Exspectantimbres,
449 840 651 908 quorummodo
659 841 898 892 cunctanatabant

160 909 288 976 lmpulsn,
299 917 328 960 et
338 912 419 961 siccis
430 909 519 960 voltus
530 910 558 959 in
569 909 684 959 nubibus
696 908 818 961 haerent.

160 979 274 1045 Quoque
286 980 373 1047 magis
384 980 498 1029 miseros
508 977 597 1029 undae
607 979 709 1029 ieiunia
720 979 835 1041 solvant,

157 1046 219 1097 Non
231 1061 314 1113 super
326 1054 450 1098 arentem
461 1047 585 1108 Meroen,
598 1047 750 1114 Cancrique
761 1050 810 1098 sub
822 1063 884 1111 axe,

160 1115 221 1176 Qua
231 1115 296 1166 nudi
307 1115 489 1166 Garamantes
500 1122 588 1176 arant,
599 1114 709 1166 sedere:
720 1115 767 1166 sed
777 1118 849 1168 inter

99 1182 149 1232 335
156 1181 492 1251 StagnantemSlcorim,et
502 1183 626 1251 rapidum
632 1184 782 1250 deprensus
789 1186 896 1240 lberam

160 1251 273 1319 Spectat
283 1254 386 1304 ricinos
397 1255 492 1305 sitiens
503 1254 640 1304 exercitus
652 1268 753 1303 amnes.

209 1323 266 1371 lam
278 1321 372 1373 domiti
385 1338 493 1374 cessere
504 1322 601 1373 duces:
612 1324 741 1390 pacisque
752 1323 888 1388 petendae

159 1392 261 1441 Auctor
272 1391 408 1443 damnatis
419 1392 534 1459 supplex
544 1390 672 1443 Afranius
683 1393 774 1451 armis,

158 1458 336 1512 Semianimes
347 1462 375 1512 in
387 1466 479 1511 eastra
488 1457 599 1512 trahens
613 1457 723 1510 hostilia
734 1466 843 1525 turmas

99 1526 148 1578 teo
160 1528 280 1580 Victoris
291 1531 369 1581 stetit
381 1529 547 1596 antepedes.
576 1527 692 1580 Servata
703 1530 826 1595 precanti

157 1597 289 1649 Maiestas
301 1615 354 1649 non
366 1598 456 1649 fracta
466 1598 553 1659 malis,
562 1600 687 1665 interque
697 1599 816 1664 priorem

160 1666 309 1716 Fortunam
322 1683 454 1734 casusque
466 1682 562 1729 novos,
573 1669 644 1735 gerit
657 1668 748 1717 omnia
757 1668 831 1729 victi,

158 1732 210 1785 Sed
224 1734 310 1796 (lucis,
322 1744 350 1785 et
361 1736 468 1786 reniam
480 1751 578 1786 securo
589 1742 702 1802 pectore
713 1737 815 1802 poscit:

212 1802 242 1853 Si
253 1819 293 1854 nse
304 1803 430 1871 degeneri
440 1804 597 1856 stravissent
604 1805 672 1875 sata
683 1804 730 1855 sai
741 1803 825 1865 haste,

98 1872 148 1923 345
162 1871 219 1924 ll'oa
230 1872 324 1923 deerat
329 1873 417 1943 fortis
429 1873 560 1940 rapiendo
572 1875 684 1924 dextera
696 1876 765 1925 leta.-

159 1940 196 1991 As
207 1957 279 1992 naar
289 1943 344 1991 sola
356 1939 422 1992 resilui
433 1952 473 1993 est
484 1943 602 1994 orandae
614 1959 697 1994 eausa
710 1942 814 2003 salietis,

157 2007 279 2077 Dignum
293 2010 428 2073 donanda,
441 2009 551 2071 Caesar,
563 2021 590 2062 te
601 2011 710 2062 credere
721 2012 786 2062 vira.

158 2077 216 2129 Noa
222 2077 315 2145 partis
325 2078 421 2130 studiis
431 2080 540 2149 agimur
549 2097 598 2133 ssec
609 2081 748 2131 sumsimus
759 2096 836 2131 arasa

158 2144 283 2198 Consiliis
292 2147 404 2201 inimica
415 2150 479 2201 treis.
505 2149 560 2202 Nos
571 2150 682 2217 denique
694 2149 787 2201 bellura

97 2219 147 2269 3⁵0
158 2215 264 2268 lavessit
276 2216 353 2269 risile
364 2218 451 2280 disces,
462 2235 623 2284 cannaeque
630 2217 731 2286 priori,

158 2283 230 2336 Dans
240 2285 341 2352 potuit,
353 2287 549 2357 serratafirles.
578 2285 698 2369 it's'lfqta
709 2303 861 2340 sacramur.-

159 2352 305 2407 Tradimsss
317 2355 465 2424 Hesperias
471 2368 576 2426 geistes,
586 2373 720 2422 operemus
731 2357 812 2417 ans,

157 2424 338 2492 Secursnrrque
349 2426 420 2477 orbis
428 2425 552 2495 patimur
561 2436 622 2491 post
633 2437 712 2494 terge
724 2426 821 2477 relicti

156 2493 212 2544 n'ee
222 2509 304 2545 cruor
314 2492 416 2562 effictus
427 2495 530 2561 eampis
541 2495 591 2547 ribi
602 2495 672 2545 bella
681 2496 799 2560 peregit,

94 2562 145 2613 855
156 2561 338 2632 Neeserrssm,
351 2567 595 2632 lassaequemanus.
607 2561 792 2615 Hochostibus
802 2581 896 2626 unum,

158 2630 237 2693 Quor
247 2631 348 2694 sinam,
357 2633 467 2702 mosee
482 2632 547 2684 tuis.
579 2633 634 2684 Nec
644 2650 743 2696 ntegra
754 2643 896 2699 petuntur.

158 2698 224 2754 osia
236 2700 380 2771 dessectis,
392 2703 475 2754 vitam
485 2703 604 2768 patiaris
615 2703 727 2755 inerrare
