1980 3074
245 112 277 161 30
416 113 452 161 Μ.
489 111 589 162 ΑΝΝ.
627 111 806 161 bucam

246 227 302 277 Hae
308 230 415 292 polluta
427 229 528 286 dautur,
540 230 661 293 legetque
670 226 698 276 in
707 243 777 291 pace
786 228 936 287 timendam

244 293 639 365 Horferrcfitgiendafumet,
650 295 792 359 mundique
803 296 900 346 ruinae

246 361 436 413 Permiscenda
446 361 527 428 fider.
565 361 673 414 Nullum
679 363 767 431 furor
778 364 836 429 egit
845 364 874 414 in
885 381 981 426 arma,·

185 430 235 480 255
248 427 349 480 Caura
357 439 457 495 petunt
466 444 567 496 magna
577 429 644 480 uicti
653 431 787 480 tuercede:
798 431 849 481 tibi
859 433 907 482 uui

245 497 299 548 Per
310 498 415 549 rebella
429 496 557 564 placent?
580 496 653 558 Quid
662 507 703 548 tat
711 499 825 549 duratte
836 514 887 564 per
898 515 982 552 annot

245 564 360 635 Profuit
371 565 512 616 immunem
522 564 647 630 corrupti
656 565 772 616 maribus
783 567 861 617 aeri?

245 633 305 684 Hoc
314 635 399 685 talum
410 635 506 699 longae
514 632 636 697 pretium
646 633 758 684 uirtutis
769 634 890 685 babebit.-

245 701 386 768 Accipient
397 702 473 760 aliar,
479 700 589 769 sacient
600 710 627 752 te
638 700 705 752 bella
717 712 860 753 nocentem.

187 771 237 820 260
249 770 290 820 Ne
301 779 414 829 tentum,
427 788 441 820 a
452 767 551 834 nuperi,
561 769 784 838 liceatseralibut
794 771 885 830 armir,

252 838 311 889 Hac
323 838 407 888 etiam
416 836 527 888 mocitte
537 853 647 889 manui:
658 853 705 888 uec
714 838 772 903 pila
785 838 895 889 lacertit

246 905 330 957 Micca
342 907 395 957 tuit
406 922 487 958 caeca
500 909 613 957 telorum
623 905 652 956 in
662 905 885 1025 uubelrrautur:

250 975 300 1025 Nec
310 985 389 1026 tanta
401 975 429 1026 iu
440 990 530 1028 cacum
540 973 628 1025 virtut
640 982 693 1024 ect.
745 985 840 1041 ageret
852 973 936 1026 omnic

245 1045 280 1095 Se
290 1043 351 1094 belli
357 1045 478 1113 fortuna
488 1042 546 1093 tibi.
585 1041 651 1104 Quit
662 1043 735 1093 ualet
743 1043 773 1094 in
783 1042 836 1094 icta

186 1112 235 1162 265
246 1112 319 1164 Eure
329 1111 407 1172 mari,
420 1111 540 1176 quamuis
551 1111 640 1162 aliena
650 1112 756 1162 ualuere
767 1111 866 1172 labent,

244 1180 285 1231 Et
295 1183 380 1244 tcelat
390 1195 445 1232 ecte
456 1181 550 1231 tuum?
560 1177 658 1231 Melius
670 1181 819 1246 tranquilla
829 1180 886 1232 tine
897 1181 983 1231 armir

245 1247 313 1300 Otia
323 1251 395 1299 calui
406 1265 479 1316 ager,
490 1248 561 1299 sicut
572 1248 698 1299 caelestia
709 1264 811 1314 semper

243 1317 817 1384 lncanemcatucuoluunturtideralaptu5

248 1386 417 1439 Fulminibut
424 1385 536 1454 propior
547 1396 638 1437 terrae
648 1385 819 1437 succenditur
830 1401 887 1446 aer,

183 1455 233 1503 tut
243 1455 352 1523 Imaque
362 1457 468 1520 telluris
478 1464 569 1506 centor
581 1464 737 1519 tractusque
749 1468 872 1504 carnaeae

243 1522 426 1577 Flammarum
437 1524 590 1590 accipiunt:
607 1523 688 1574 nubet
699 1523 804 1574 excedit
816 1520 946 1589 Olympus

244 1591 317 1659 Lege
330 1595 412 1644 derlm.
450 1591 580 1644 Minimus
592 1608 682 1641 rerum
692 1591 826 1642 dircardia
837 1590 945 1641 turbat:

242 1659 340 1712 Pacem
350 1677 453 1713 tamma
461 1669 560 1713 tenent.
576 1657 662 1720 Quam
673 1662 760 1710 laetae
768 1658 894 1710 Caetaric
901 1675 981 1710 anret

245 1729 394 1795 Accipient,
410 1739 518 1782 tantum
526 1728 627 1780 aeuiue
637 1728 665 1781 in
672 1727 777 1794 proelia
789 1729 888 1779 civem?

184 1797 233 1845 275
244 1796 311 1848 Nam
321 1801 449 1864 praelata
460 1798 515 1848 ruit
526 1813 671 1862 numquam
683 1797 789 1849 diuerta
801 1796 899 1848 dolebit

244 1865 344 1918 Caetra
356 1868 430 1918 ducit
441 1865 548 1935 Magni.
574 1865 690 1917 Nimium
700 1869 792 1933 placet
803 1866 869 1932 ipre,
881 1863 979 1916 Catoni

243 1935 274 1986 Si
283 1936 378 1986 bellum
388 1935 465 1986 civile
472 1937 572 2000 placet.
608 1934 681 1986 Parr
692 1952 790 2002 magna
803 1943 920 1994 cenatur,

246 2003 283 2054 Et
296 2005 359 2054 (luce
366 2004 476 2069 priuata
484 2013 612 2069 gerturuc
619 2004 727 2070 praelia
737 2007 830 2055 cattrul

244 2071 591 2139 sollicitant„pracerecque
601 2073 659 2134 ulii,
669 2073 763 2138 quibui
773 2074 841 2123 adde
849 2070 976 2121 Catonem

183 2141 233 2190 280
243 2139 297 2192 Sub
307 2140 318 2190 i
335 2192 339 2205 ι
357 2158 374 2191 a
386 2140 520 2207 Pompeii,
528 2151 585 2192 tota
595 2141 651 2193 iam
662 2141 729 2193 liber
738 2142 767 2194 iu
779 2141 840 2191 orbe

242 2210 320 2260 Salui
356 2225 435 2260 aetar
445 2209 506 2260 erit.
545 2211 624 2273 Quod
631 2210 655 2260 ti
662 2227 713 2277 pra
724 2208 826 2278 legibue
837 2224 915 2259 arma

240 2277 328 2329 Ferre
337 2277 415 2330 iuvat
423 2278 533 2344 patriit,
543 2279 745 2347 libertatemque
757 2277 844 2330 tueri:

241 2345 321 2398 Nunc
332 2364 414 2413 neque
421 2347 544 2414 Pompeii
549 2346 673 2408 Brutum,
681 2364 728 2398 nec
735 2345 860 2420 Caesarii
869 2344 926 2394 bart
930 2357 977 2406 em,

241 2415 309 2465 Part
320 2416 413 2467 bellum
423 2417 531 2468 uictoris
542 2415 630 2466 babet.
667 2414 712 2465 Sic
723 2414 803 2464 fatur.
821 2415 856 2463 At
864 2414 902 2462 illi

180 2482 229 2531 285
240 2485 346 2534 Arcano
358 2500 450 2535 sacras
460 2484 550 2534 reddit
560 2486 628 2533 Cato
641 2489 754 2548 pectore
764 2496 859 2530 vocas:

283 2553 427 2613 Summum,
438 2552 534 2611 Brute,
544 2552 623 2619 nesus
635 2550 726 2601 cicilia
738 2550 815 2609 bella,
820 2549 961 2619 fatemur:

240 2618 292 2671 Sed
303 2622 430 2690 accusata
442 2620 564 2680 trabunt,
575 2619 663 2669 virtut
674 2634 768 2670 cetura
780 2626 905 2684 renitetur
