1980 3074
199 206 491 260 Pflnnsnbln.
527 205 617 258 [ΛΒ.
644 208 696 260 vl.
762 209 813 259 123

82 328 170 391 Quam
180 326 246 379 rrrr'lri
255 326 350 378 mortis
360 343 444 377 arnor.
474 326 559 378 Simul
570 323 638 377 haec
653 325 766 388 effatur,
785 332 814 378 et

552 395 621 444 altus

82 467 231 516 Caesareas
242 463 328 530 pulvis
338 468 457 513 testatur
468 464 563 514 adosse
575 461 712 514 cohortes.

80 533 208 584 Dedecus
219 530 262 582 hic
273 531 336 582 belli
345 532 448 598 Magno
459 533 613 598 crimenque
623 533 735 593 remisit,

80 601 121 651 Ne
133 600 221 653 solum
230 606 307 651 totae
318 599 445 666 fugerent
453 605 491 662 te,
503 599 616 662 Scaeva,
628 605 770 651 cateruae:

81 668 221 720 Subducto
232 671 276 736 qui
287 669 377 718 Marte
389 669 458 718 ruis:
476 683 539 719 nam
549 668 679 735 sanguine
690 668 751 718 suso
815 669 873 719 4151)

81 739 162 790 Vires
173 753 264 806 pugno
274 737 366 788 dabat.
393 736 546 789 Labentem
558 736 639 787 turba
648 752 759 788 auorum

79 805 812 874 Excipitatquehumerisdefectumimponeregaudott

78 878 118 926 Ac
128 875 212 925 veluti
220 875 353 926 inclusum
365 872 489 941 perfosso
499 876 527 924 in
536 881 649 942 pectore
660 889 767 937 numen,

78 944 116 995 Et
126 945 215 994 rivam
225 959 340 1010 magnae
350 945 468 1010 speciem
479 943 586 994 virtutis
598 943 726 994 adorantt

79 1013 201 1081 Telaque
211 1013 325 1063 confixio
336 1016 443 1063 certant
453 1012 568 1063 evellere
579 1010 716 1074 membris,
822 1010 872 1060 255

79 1081 275 1148 Exornantque
285 1079 361 1142 deos,
373 1095 406 1131 ao
414 1079 515 1131 nudum
525 1087 637 1148 pectore
647 1080 765 1131 Martem

79 1151 176 1211 Armis,
188 1147 302 1211 Scaeva,
312 1150 374 1200 tuis.
397 1149 475 1200 Felix
485 1146 538 1200 hoc
550 1150 658 1199 nomine
668 1147 767 1210 iamne,

80 1217 111 1269 Si
120 1219 170 1268 tibi
180 1218 264 1268 durus
274 1218 344 1280 lber,
358 1223 406 1268 aut
416 1219 438 1268 si
448 1217 499 1268 tibi
508 1223 588 1284 terga
597 1217 718 1267 dedisset

81 1286 218 1339 Cantaber
224 1287 337 1354 exiguis,
350 1292 398 1336 aut
407 1286 494 1352 longis
506 1286 649 1336 Teutonus
658 1286 747 1335 armis.

79 1353 324 1407 Nontubellorum
334 1355 427 1420 spoliis
439 1369 537 1404 ornare
548 1354 682 1403 Tonantis
821 1352 871 1403 260

79 1423 196 1490 Templa
207 1431 294 1490 potes,
305 1438 359 1474 non
370 1428 400 1473 tu
411 1423 492 1473 laetis
501 1421 605 1472 ululare
617 1419 768 1488 triumphis.

79 1492 185 1553 Infelix,
198 1499 299 1559 quanta
309 1491 447 1542 dominum
458 1491 558 1541 virtuto
569 1487 684 1556 parasti!

131 1560 190 1613 Nec
207 1563 293 1628 magis
309 1558 361 1610 hac
376 1560 493 1626 Magnus
509 1564 660 1677 castrprum
677 1564 755 1625 parte
769 1573 811 1610 rc·

571 1643 645 1677 usus

80 1697 155 1747 intra
165 1697 284 1748 claustra
294 1698 380 1764 piger,
391 1695 475 1748 dilato
485 1642 585 1757 Mamer,
597 1696 706 1762 quievit,

81 1766 169 1827 Quam
179 1780 255 1816 maro
263 1765 390 1827 lassatur,
402 1780 462 1816 cunr
474 1779 503 1815 oe
513 1765 670 1816 tollentibus
680 1765 761 1814 Euris
820 1763 870 1814 265

79 1835 261 1901 Frangentem
271 1833 370 1885 fluctuo
381 1833 521 1900 scopulum
532 1833 605 1895 ierit,
617 1840 665 1885 aut
674 1833 745 1884 latus
756 1832 803 1883 alti

79 1904 182 1954 Montis
193 1902 279 1964 adeat,
291 1918 432 1969 seramque
441 1903 492 1955 ribi
504 1908 584 1969 parat
594 1904 667 1954 unda
677 1903 791 1954 ruinam.

79 1972 151 2023 Hinc
161 1972 251 2022 vicina
259 1977 354 2038 petens
364 1971 470 2036 placido
483 1973 596 2023 castella
606 1971 740 2038 profundo

78 2042 190 2092 Incursu
202 2041 300 2107 gemini
311 2041 408 2091 Martis
419 2041 503 2106 rapit:
523 2057 651 2108 armaque
660 2041 716 2090 late

79 2107 198 2176 Spargit,
210 2115 238 2159 et
248 2106 335 2159 effuso
345 2109 421 2159 laxat
430 2110 550 2160 tentoria
560 2124 669 2175 eampo:
819 2111 869 2158 210

77 2177 279 2243 Mutandaeque
289 2179 365 2228 iuvat
374 2178 506 2243 permissa
515 2177 626 2228 licentia
635 2183 734 2228 terrae.

78 2244 123 2296 Sic
134 2244 214 2313 pleno
225 2244 317 2297 Padus
327 2261 375 2297 ore
385 2251 493 2297 tumens
504 2261 587 2311 nuper
597 2258 697 2312 aggere
708 2250 782 2295 tutae

76 2314 297 2382 Excurritripaa‚
308 2321 338 2367 ct
345 2321 420 2366 totos
431 2315 554 2365 concutit
563 2327 658 2380 agros:
684 2343 686 2346 <

78 2381 227 2435 Succubuit
235 2385 258 2435 ai
270 2399 324 2451 qua
332 2384 421 2445 tellus,
432 2381 621 2448 cumulumque
633 2380 768 2433 furentem

80 2451 216 2503 Undarum
227 2468 282 2503 non
293 2468 383 2519 paona,
394 2452 462 2503 ruit:
479 2456 546 2501 tunc
556 2449 667 2501 flumine
678 2454 737 2502 toto
818 2451 868 2500 211

78 2522 197 2583 Transit,
209 2528 237 2572 et
246 2522 356 2588 ignotos
367 2521 456 2587 aperit
464 2519 514 2571 ribi
525 2520 633 2587 gurgite
644 2533 764 2584 campos.

76 2589 140 2640 lllos
150 2597 225 2641 terro
236 2589 306 2656 fugit
317 2590 454 2641 dominor:
473 2586 514 2639 hio
524 2602 590 2639 rura
600 2587 704 2639 colonio

77 2659 222 2720 Accedunt,
235 2659 353 2710 donante
363 2659 448 2710 Pado.
476 2657 530 2710 Vix
541 2657 645 2725 proelia
655 2657 756 2708 caesar

77 2724 214 2788 Senserat,
226 2727 313 2776 elatus
323 2727 434 2793 apecula
444 2742 512 2794 quac
522 2725 643 2794 prodidit
652 2724 730 2792 ignis.
