1980 3074
198 194 230 241 64
371 193 408 242 Μ.
445 190 545 242 tuh.
581 191 760 241 buchar

198 309 274 360 Nunc
288 312 358 376 pice,
370 326 440 360 nunc
450 310 553 377 liquida
561 324 675 376 rapuere
687 312 812 360 incendia
823 325 896 362 cera.

138 378 187 427 685
200 377 257 428 Nec
279 377 401 428 hanrnras
426 386 556 445 superant
580 378 681 427 undae:
708 380 862 446 sparsisque
882 393 934 446 per
979 409 983 415 ·

668 461 701 497 ae
720 462 771 497 uor

201 519 255 565 lam
266 515 380 575 ratibus,
391 514 544 581 fragmenta
555 513 630 564 ierus
639 514 690 564 sibi
700 462 821 566 gindicat
829 518 909 584 ignis.

201 584 251 634 llic
261 585 360 650 recipit
365 582 472 644 fluctus,
484 584 662 648 extinguatut
668 597 787 650 aequore
792 583 931 636 hammam

207 653 250 714 lli,
262 667 296 703 ne
307 658 472 719 mergantur,
482 650 582 701 tabulis
593 650 750 702 ardentibus
761 650 882 704 haerent.

199 720 272 772 nulle
282 721 379 772 modos
388 720 459 771 iuter
469 718 526 780 leti,
538 732 611 768 mors
621 733 676 770 una
685 720 777 771 timori
788 728 839 783 est,

139 787 189 838 due
201 791 262 849 Qua
273 803 389 856 coepere
399 790 478 839 morl.
506 786 564 838 Nec
575 795 665 838 cessat
676 788 809 856 naufraga
818 791 913 841 virtus.

199 857 269 908 'l'cla
283 857 377 925 legunt
388 856 496 907 deiecta
506 856 584 916 mari,
596 856 753 924 ratibusque
763 860 932 908 ministrant:

199 926 373 992 Incertasque
384 939 479 974 manus
487 924 544 974 ictu
554 924 700 990 languente
709 941 760 992 per
768 925 855 976 undas

199 994 344 1045 Exercent.
372 991 460 1053 Numa,
469 1006 533 1041 rara
544 991 657 1042 detorsi
670 993 836 1060 cepissem,

199 1062 316 1113 Utuntur
328 1059 434 1127 pelago.
453 1058 555 1110 Saevus
568 1060 759 1127 complectitur
769 1065 875 1112 hostem

138 1130 189 1180 695
201 1131 305 1192 Hostis,
316 1137 344 1179 et
354 1128 490 1194 implicitis
500 1128 621 1195 gaudent
631 1129 772 1180 subsidere
781 1130 922 1194 membris,

199 1201 407 1266 Mergentesque
419 1197 495 1246 mori.
507 1223 539 1235 -
567 1197 665 1264 Pugna
674 1196 727 1249 hrit
735 1213 803 1249 unus
813 1198 898 1250 inilia

202 1269 321 1318 Eximius
332 1263 459 1317 Phoceus
470 1265 586 1315 animam
597 1279 708 1316 seruare
719 1266 769 1318 sub
779 1267 867 1328 undis,

199 1336 374 1402 Scrutarique
385 1334 494 1395 fretum,
505 1334 528 1383 si
539 1333 602 1400 quid
612 1335 751 1385 mersisset
761 1336 859 1393 arenis.

199 1407 235 1456 Et
245 1405 324 1456 nimis
334 1403 440 1454 adfixos
449 1402 512 1453 unci
523 1402 675 1453 convellere
684 1417 801 1464 morsus,

138 1474 190 1523 lud
200 1473 352 1524 Adductum
363 1473 469 1539 quou'es
479 1485 534 1521 uon
544 1477 668 1522 senserat
676 1485 778 1522 ancora
787 1471 888 1523 hinem.

200 1543 253 1592 llic
263 1542 309 1592 uhi
319 1552 504 1608 compressum
514 1539 622 1605 penitus
633 1538 783 1591 deduxerat
793 1538 912 1603 hostem,

201 1611 297 1662 Victor
307 1607 484 1660 etineolumis
494 1621 614 1657 summas
623 1608 765 1661 remeabat
774 1609 807 1659 ad
818 1609 914 1660 undas.

201 1678 255 1730 Sed
265 1693 295 1729 se
305 1690 465 1744 pervacuus
476 1674 563 1724 credit
573 1674 637 1725 dum
649 1691 761 1744 surgere
771 1676 878 1739 fluctus,

199 1746 337 1814 Puppibus
344 1739 636 1809 occurrit‚tandemque
641 1744 691 1794 sub
697 1746 931 1812 aequoremansit

140 1816 190 1866 tob
202 1818 239 1867 Hi
249 1829 331 1880 super
341 1810 454 1862 hostiles
463 1812 586 1861 iecerunt
594 1810 708 1864 brachia
717 1828 817 1874 remos,

200 1887 238 1936 Et
249 1884 346 1934 ratium
358 1887 470 1930 tenuere
480 1877 581 1946 lugam
609 1878 670 1930 Non
682 1881 798 1948 perdere
806 1882 891 1933 letum

201 1953 321 2003 Maxima
332 1963 398 1999 cura
406 1946 471 2010 fuit3
482 1947 581 1998 multus
593 1964 643 1998 sua
652 1950 764 2002 volnere
775 1953 860 2018 puppi

203 2021 303 2071 helhxit
311 2017 439 2078 moriens,
449 2021 478 2066 et
487 2017 583 2067 rostris
595 2017 706 2069 abstulit
714 2020 794 2070 ictus.

255 2087 378 2139 Stantem
389 2084 496 2136 sublimi
506 2082 680 2150 Tyrrhenum
691 2087 806 2139 eulmine
818 2101 920 2156 prorae

142 2160 192 2209 lto
203 2157 363 2225 Lygdamus
373 2167 498 2215 excussa,
510 2153 633 2206 Balearis
643 2161 735 2206 tortor
744 2153 877 2218 habenae,

203 2225 418 2292 Glandepetens‚
430 2221 517 2273 solido
523 2220 606 2289 fregit
611 2238 679 2274 cara
685 2230 810 2291 tempora
815 2223 939 2293 plumbo.

204 2295 318 2346 Sedibus
328 2291 442 2360 expulsi,
452 2296 598 2359 postquam
609 2307 692 2342 cruor
703 2295 794 2345 omnia
804 2294 878 2359 rupit

205 2363 329 2423 Vincula,
339 2359 520 2427 procumbunt
531 2359 615 2410 oculi:
627 2367 683 2412 stat
692 2361 792 2412 lumine
802 2368 883 2427 rapto

204 2433 355 2491 Adtonitus,
364 2430 513 2495 mortisque
522 2427 583 2478 illas
592 2435 673 2495 putat
682 2445 742 2480 esse
753 2429 891 2481 tenebras.

143 2503 194 2552 lli)
206 2504 240 2553 ht
252 2506 396 2567 postquam
407 2496 535 2548 membris
545 2499 631 2548 sensit
640 2506 767 2550 constare
776 2500 911 2566 vigorem,

210 2568 269 2629 Vos,
280 2570 327 2629 ait,
339 2583 353 2618 o
363 2565 437 2626 socii,
448 2564 520 2616 sicut
529 2573 662 2618 tormento
673 2567 773 2628 soletis,

204 2638 250 2689 Me
260 2652 362 2702 quoque
374 2633 512 2685 mittendis
522 2644 625 2685 rectum
637 2637 785 2703 componite
797 2634 867 2687 telis.

204 2706 294 2774 Egere
301 2705 372 2770 quod
377 2711 497 2770 superest
507 2701 620 2765 animae,
637 2703 781 2774 Tyrrheno,
790 2721 840 2773 per
850 2719 944 2756 omnes
