1980 3074
234 220 522 280 Puuuseuls.
560 221 650 273 mu.
679 223 699 274 Ι.
806 225 838 275 13

96 340 205 409 Perque
216 335 348 393 mutiero
359 356 521 405 quocumque
532 357 565 393 eu
576 339 649 394 hoste
661 341 810 410 triumphos
816 359 827 403 ,⁸
847 342 898 399 325

97 409 215 466 Pectore
225 408 249 461 σι’
254 408 360 480 fratris
368 407 500 476 gladium,
511 407 657 478 iuguloque
663 411 789 477 parentis

103 477 222 532 Condere
231 494 272 529 me
282 476 382 540 iubens,
390 480 537 544 plenaeque
547 477 575 530 in
587 478 689 530 uiscera
697 487 784 546 partu

100 545 244 667 00ήοἷο,
252 546 341 599 insita
347 562 481 614 peragam
492 556 581 598 tamne
591 547 680 599 oensis
691 548 790 602 dextra
796 567 808 609 ‚·

101 616 134 669 us·
141 632 189 684 spo
199 615 260 667 iare
272 615 341 677 dees,
352 615 493 683 ignemque
503 615 650 667 imner'ttere
663 617 777 683 templis,

100 683 222 737 Numine
233 683 353 736 miscebit
365 682 629 752 unammisflummu
640 683 767 738 Monetae
774 703 785 747 ,·
848 687 898 738 380

101 752 203 806 Ceam
211 767 292 819 rupes·
306 750 388 804 Thesei
398 752 422 804 ei
428 769 530 819 ponere
544 751 671 822 Tybridis
682 756 777 819 unae,

100 820 246 890 Hesperiae
256 822 350 874 nudae
361 822 465 875 neniam
475 830 592 874 metator
602 823 632 875 in
641 839 732 892 agree.

102 889 147 946 Tu
157 905 337 959 quoecumque
347 893 415 942 noles
423 890 453 942 in
460 893 572 957 pianum
583 889 721 959 effirndere
731 910 829 958 neuros,

99 959 152 1012 Hir
161 959 233 1011 aries
243 969 320 1011 uetus
331 959 467 1042 disperget
477 975 546 1012 saxu
558 960 682 1012 lacertis:

98 1029 154 1081 ma
165 1028 237 1091 iicet,
246 1027 356 1096 penitae
367 1030 428 1081 tolle
437 1044 517 1097 quam
528 1029 638 1082 iusseris
649 1031 747 1092 urbem,
847 1032 897 1082 380

97 1097 187 1151 Roma
199 1098 243 1150 eit.
262 1097 314 1148 His
325 1098 530 1151 cunctaesirnul
540 1099 686 1151 adsensere
697 1099 835 1162 cohortes,

98 1167 249 1234 Elatasque
261 1165 324 1229 alte,
335 1181 522 1235 quaecumque
533 1168 568 1218 ad
578 1168 651 1219 bella
660 1176 781 1232 vocaret,

99 1235 255 1288 Promisere
266 1250 368 1286 manus.
393 1237 418 1287 lt
428 1241 521 1288 tantus
533 1236 568 1288 ad
579 1235 692 1289 aethere
703 1238 815 1300 clamor,

101 1305 235 1368 enatus,
248 1302 380 1369 piniferae
391 1305 496 1356 Boreas
508 1321 590 1372 quum
602 1303 737 1356 Thracius
749 1307 836 1358 Ossae

99 1373 222 1440 Rupibus
231 1371 362 1434 incubuit,
374 1379 486 1424 curvato
497 1373 598 1424 robore
609 1388 720 1438 pressae
773 1430 775 1435 ,
846 1374 895 1424 390

98 1442 145 1494 Fit
153 1456 246 1502 sonus,
259 1446 307 1491 aut
316 1456 410 1492 rursus
422 1442 561 1493 redeuntis
569 1442 598 1491 in
608 1439 723 1491 aethera
733 1442 826 1494 silvae.

151 1511 252 1562 Caesar
262 1516 293 1560 ut
304 1517 447 1576 acceptum
458 1517 514 1560 tem
525 1523 611 1574 prono
622 1509 706 1560 milite
717 1509 826 1574 bellurn,

96 1580 221 1647 Fataque
231 1578 303 1630 ferre
314 1579 396 1642 ridet,
407 1593 441 1630 ne
453 1593 506 1646 quo
517 1577 648 1646 languore
660 1584 782 1631 moretur

97 1649 256 1709 Fortunam,
268 1663 377 1713 sparsas
388 1663 437 1714 per
448 1647 554 1700 Gallica
563 1662 628 1699 rina
640 1645 768 1700 cohortes

97 1717 214 1776 Evocat,
225 1722 254 1767 et
263 1715 379 1768 Romam
390 1719 470 1768 motis
481 1718 550 1783 petit
562 1716 679 1785 undique
690 1718 782 1785 signis.
845 1718 895 1768 395

97 1785 254 1837 Deseruere
263 1799 331 1836 cavo
343 1787 463 1838 tentoria
472 1786 527 1836 fixe
537 1785 670 1849 Isemano,

98 1855 263 1921 cntreque,
281 1869 352 1921 quae
362 1855 466 1923 Vogesi
478 1869 588 1905 onerem
600 1870 683 1921 super
694 1854 780 1906 ardua
790 1871 833 1905 ru·

251 1952 253 1958 ·
580 1939 643 1985 rem,

97 1991 242 2060 Pugnaces
253 1992 333 2057 pictis
344 1988 509 2043 cohibebant
518 1940 657 2060 Lingonas
669 1995 760 2057 armis,

96 2059 135 2111 Hi
144 2058 216 2115 rude
224 2059 360 2127 liquerunt
370 2061 471 2122 Isarae,
483 2062 527 2127 qui
538 2061 646 2129 grngite
655 2062 752 2115 ductus

96 2128 152 2179 Per
160 2133 217 2179 tam
229 2128 315 2180 nsulta
323 2144 383 2190 suo,
394 2127 485 2179 ianuae
495 2131 606 2181 maioris
616 2131 645 2181 in
656 2146 762 2183 amnem
843 2133 894 2181 000

96 2197 214 2263 hapsus,
227 2197 261 2247 ad
273 2211 423 2263 aequoreas
433 2210 533 2248 nomen
542 2214 598 2249 non
627 2199 719 2250 erulis
730 2201 824 2251 undas.

98 2263 245 2317 Solvuntur
255 2264 317 2316 flavi
328 2264 411 2330 longa
420 2265 539 2316 statione
550 2213 682 2316 ustioni:

97 2335 171 2386 Mitis
182 2336 253 2385 Atax
262 2334 359 2384 Latias
370 2331 473 2399 gaudet
482 2346 537 2382 non
547 2331 620 2383 ferre
631 2335 747 2396 cnfinas,

96 2404 170 2456 Finis
183 2409 211 2454 et
223 2402 384 2469 Hesperiae,
396 2404 523 2466 promoto
535 2400 629 2463 limite,
640 2402 743 2454 Varus:

98 2473 211 2539 Quaque
222 2471 272 2522 sub
283 2469 422 2522 Herculeo
433 2474 557 2521 sacratus
567 2471 676 2521 numine
687 2476 782 2537 portus
842 2471 894 2523 405

97 2542 183 2608 Urget
192 2554 260 2606 rupe
272 2555 340 2590 cara
350 2538 476 2608 pelaguse
486 2554 541 2590 non
555 2539 641 2592 Corus
651 2541 680 2591 in
689 2539 765 2590 illum

94 2611 141 2661 ius
153 2606 250 2671 habet,
263 2615 310 2659 eut
321 2607 477 2677 Zephyrus:
488 2609 562 2662 solus
573 2624 624 2661 sua
633 2609 715 2664 litora
725 2607 819 2660 turbat

87 2677 214 2741 scheibe,
226 2684 254 2729 et
263 2683 324 2732 tuta
334 2676 462 2747 prohibet
471 2681 590 2731 statione
600 2679 738 2731 Monoeci.

77 2745 92 2821 s
98 2749 211 2816 Quoque
221 2754 297 2816 petet
307 2751 370 2805 [itus
385 2748 503 2812 dubium,
511 2749 583 2817 quod
595 2756 670 2801 terra
680 2747 835 2817 fretumque

52 3006 69 3037 a
78 2984 92 3026 ·'
