<?xml version="1.0" encoding="UTF-8"?>
<!DOCTYPE html PUBLIC "-//W3C//DTD XHTML 1.0 Transitional//EN"
    "http://www.w3.org/TR/xhtml1/DTD/xhtml1-transitional.dtd">
<html xmlns="http://www.w3.org/1999/xhtml" xml:lang="en" lang="en">
 <head>
  <title>
</title>
<meta http-equiv="Content-Type" content="text/html;charset=utf-8" />
  <meta name='ocr-system' content='tesseract 3.04.00' />
  <meta name='ocr-capabilities' content='ocr_page ocr_carea ocr_par ocr_line ocrx_word'/>
</head>
<body>
  <div class='ocr_page' id='page_1' title='image "./pharsaliacumind00lucagoog_0028.png"; bbox 0 0 1980 3074; ppageno 0'>
   <div class='ocr_carea' id='block_1_1' title="bbox 185 241 782 294">
    <p class='ocr_par' dir='ltr' id='par_1_1' title="bbox 185 241 782 294">
     <span class='ocr_line' id='line_1_1' title="bbox 185 241 782 294; baseline 0 -1"><span class='ocrx_word' id='word_1_1' title='bbox 185 241 472 293; x_wconf 70' lang='lat' dir='ltr'><em>Puunsnmn.</em></span> <span class='ocrx_word' id='word_1_2' title='bbox 509 242 596 292; x_wconf 80' lang='lat' dir='ltr'><em>hlB.</em></span> <span class='ocrx_word' id='word_1_3' title='bbox 624 243 644 292; x_wconf 92' lang='lat' dir='ltr'><em>l.</em></span> <span class='ocrx_word' id='word_1_4' title='bbox 750 243 782 294; x_wconf 78' lang='lat'><em>2!</em></span> 
     </span>
    </p>
   </div>
   <div class='ocr_carea' id='block_1_2' title="bbox 54 358 847 2534">
    <p class='ocr_par' dir='ltr' id='par_1_2' title="bbox 56 358 719 427">
     <span class='ocr_line' id='line_1_2' title="bbox 56 358 719 427; baseline -0.002 -17"><span class='ocrx_word' id='word_1_5' title='bbox 56 363 252 424; x_wconf 67' lang='lat' dir='ltr'><em>Succensusque</em></span> <span class='ocrx_word' id='word_1_6' title='bbox 262 360 316 410; x_wconf 90' lang='lat' dir='ltr'><em>tuis</em></span> <span class='ocrx_word' id='word_1_7' title='bbox 321 358 471 427; x_wconf 85' lang='lat' dir='ltr'><em>flagrasset</em></span> <span class='ocrx_word' id='word_1_8' title='bbox 484 360 607 411; x_wconf 87' lang='lat' dir='ltr'><em>curribus</em></span> <span class='ocrx_word' id='word_1_9' title='bbox 617 360 719 413; x_wconf 87' lang='lat' dir='ltr'><em>aetber.</em></span> 
     </span>
    </p>

    <p class='ocr_par' dir='ltr' id='par_1_3' title="bbox 56 426 713 562">
     <span class='ocr_line' id='line_1_3' title="bbox 56 426 713 494; baseline 0.002 -15"><span class='ocrx_word' id='word_1_10' title='bbox 56 430 93 480; x_wconf 88' lang='lat' dir='ltr'><em>Hi</em></span> <span class='ocrx_word' id='word_1_11' title='bbox 104 437 206 478; x_wconf 88' lang='lat' dir='ltr'><em>cessant</em></span> <span class='ocrx_word' id='word_1_12' title='bbox 216 427 305 494; x_wconf 86' lang='lat' dir='ltr'><em>ignes:</em></span> <span class='ocrx_word' id='word_1_13' title='bbox 318 437 356 486; x_wconf 86' lang='lat' dir='ltr'><em>tu,</em></span> <span class='ocrx_word' id='word_1_14' title='bbox 367 427 414 491; x_wconf 90' lang='lat' dir='ltr'><em>qui</em></span> <span class='ocrx_word' id='word_1_15' title='bbox 416 426 559 494; x_wconf 78' lang='lat' dir='ltr'><em>flagrante</em></span> <span class='ocrx_word' id='word_1_16' title='bbox 570 428 696 480; x_wconf 89' lang='lat' dir='ltr'><em>minacem</em></span> <span class='ocrx_word' id='word_1_17' title='bbox 710 480 713 485; x_wconf 86' lang='grc'>,</span> 
     </span>
     <span class='ocr_line' id='line_1_4' title="bbox 59 494 693 562; baseline -0.003 -13"><span class='ocrx_word' id='word_1_18' title='bbox 59 495 186 562; x_wconf 75' lang='lat' dir='ltr'><em>Scorpion</em></span> <span class='ocrx_word' id='word_1_19' title='bbox 195 494 315 546; x_wconf 82' lang='lat' dir='ltr'><em>incendis</em></span> <span class='ocrx_word' id='word_1_20' title='bbox 325 495 420 555; x_wconf 78' lang='lat' dir='ltr'><em>cauda,</em></span> <span class='ocrx_word' id='word_1_21' title='bbox 432 495 569 562; x_wconf 71' lang='lat' dir='ltr'><em>chelasque</em></span> <span class='ocrx_word' id='word_1_22' title='bbox 577 497 693 562; x_wconf 86' lang='lat' dir='ltr'><em>peruris,</em></span> 
     </span>
    </p>

    <p class='ocr_par' dir='ltr' id='par_1_4' title="bbox 57 563 843 700">
     <span class='ocr_line' id='line_1_5' title="bbox 57 563 843 629; baseline -0.003 -14"><span class='ocrx_word' id='word_1_23' title='bbox 57 565 130 628; x_wconf 77' lang='lat' dir='ltr'><em>Quiri</em></span> <span class='ocrx_word' id='word_1_24' title='bbox 141 573 254 624; x_wconf 89' lang='lat' dir='ltr'><em>tantum,</em></span> <span class='ocrx_word' id='word_1_25' title='bbox 269 563 396 623; x_wconf 80' lang='lat' dir='ltr'><em>Gradiue,</em></span> <span class='ocrx_word' id='word_1_26' title='bbox 404 563 506 629; x_wconf 79' lang='lat' dir='ltr'><em>paras?</em></span> <span class='ocrx_word' id='word_1_27' title='bbox 525 563 594 614; x_wconf 82' lang='lat' dir='ltr'><em>Nam</em></span> <span class='ocrx_word' id='word_1_28' title='bbox 605 564 677 615; x_wconf 85' lang='lat' dir='ltr'><em>mitis</em></span> <span class='ocrx_word' id='word_1_29' title='bbox 688 565 716 617; x_wconf 91' lang='lat' dir='ltr'><em>in</em></span> <span class='ocrx_word' id='word_1_30' title='bbox 727 567 782 616; x_wconf 82' lang='lat' dir='ltr'><em>alto</em></span> <span class='ocrx_word' id='word_1_31' title='bbox 793 564 843 614; x_wconf 85' lang='lat' dir='ltr'><em>bbb</em></span> 
     </span>
     <span class='ocr_line' id='line_1_6' title="bbox 57 629 727 700; baseline -0.001 -16"><span class='ocrx_word' id='word_1_32' title='bbox 57 633 179 700; x_wconf 86' lang='lat' dir='ltr'><em>luppiter</em></span> <span class='ocrx_word' id='word_1_33' title='bbox 192 647 286 682; x_wconf 90' lang='lat' dir='ltr'><em>occasu</em></span> <span class='ocrx_word' id='word_1_34' title='bbox 294 630 438 696; x_wconf 86' lang='lat' dir='ltr'><em>premitur,</em></span> <span class='ocrx_word' id='word_1_35' title='bbox 455 629 613 697; x_wconf 79' lang='lat' dir='ltr'><em>Venerisque</em></span> <span class='ocrx_word' id='word_1_36' title='bbox 624 632 727 684; x_wconf 88' lang='lat' dir='ltr'><em>salubre</em></span> 
     </span>
    </p>

    <p class='ocr_par' dir='ltr' id='par_1_5' title="bbox 56 698 702 767">
     <span class='ocr_line' id='line_1_7' title="bbox 56 698 702 767; baseline -0.002 -15"><span class='ocrx_word' id='word_1_37' title='bbox 56 701 133 752; x_wconf 78' lang='lat' dir='ltr'><em>Sidus</em></span> <span class='ocrx_word' id='word_1_38' title='bbox 145 699 231 758; x_wconf 80' lang='lat' dir='ltr'><em>tebet,</em></span> <span class='ocrx_word' id='word_1_39' title='bbox 242 708 367 765; x_wconf 88' lang='lat' dir='ltr'><em>motuque</em></span> <span class='ocrx_word' id='word_1_40' title='bbox 376 701 444 750; x_wconf 91' lang='lat' dir='ltr'><em>celer</em></span> <span class='ocrx_word' id='word_1_41' title='bbox 458 698 592 767; x_wconf 74' lang='lat' dir='ltr'><em>Cyllenius</em></span> <span class='ocrx_word' id='word_1_42' title='bbox 601 698 702 761; x_wconf 87' lang='lat' dir='ltr'><em>baeret,</em></span> 
     </span>
    </p>

    <p class='ocr_par' dir='ltr' id='par_1_6' title="bbox 54 763 845 1112">
     <span class='ocr_line' id='line_1_8' title="bbox 57 763 748 834; baseline -0.001 -14"><span class='ocrx_word' id='word_1_43' title='bbox 57 770 93 819; x_wconf 82' lang='lat' dir='ltr'><em>Et</em></span> <span class='ocrx_word' id='word_1_44' title='bbox 102 770 201 820; x_wconf 90' lang='lat' dir='ltr'><em>coelum</em></span> <span class='ocrx_word' id='word_1_45' title='bbox 212 763 288 818; x_wconf 85' lang='lat' dir='ltr'><em>Mars</em></span> <span class='ocrx_word' id='word_1_46' title='bbox 300 769 370 818; x_wconf 80' lang='lat' dir='ltr'><em>solers</em></span> <span class='ocrx_word' id='word_1_47' title='bbox 381 767 469 818; x_wconf 87' lang='lat' dir='ltr'><em>babet.</em></span> <span class='ocrx_word' id='word_1_48' title='bbox 489 765 544 817; x_wconf 83' lang='lat' dir='ltr'><em>Cur</em></span> <span class='ocrx_word' id='word_1_49' title='bbox 555 767 634 834; x_wconf 85' lang='lat' dir='ltr'><em>signa</em></span> <span class='ocrx_word' id='word_1_50' title='bbox 646 779 748 820; x_wconf 79' lang='lat' dir='ltr'><em>necatus</em></span> 
     </span>
     <span class='ocr_line' id='line_1_9' title="bbox 57 834 714 906; baseline 0.003 -19"><span class='ocrx_word' id='word_1_51' title='bbox 57 837 203 889; x_wconf 79' lang='lat' dir='ltr'><em>Deseruere</em></span> <span class='ocrx_word' id='word_1_52' title='bbox 214 851 282 897; x_wconf 89' lang='lat' dir='ltr'><em>suos,</em></span> <span class='ocrx_word' id='word_1_53' title='bbox 293 837 439 902; x_wconf 79' lang='lat' dir='ltr'><em>mundoque</em></span> <span class='ocrx_word' id='word_1_54' title='bbox 449 834 714 906; x_wconf 82' lang='lat' dir='ltr'><em>obseuraferuntur:</em></span> 
     </span>
     <span class='ocr_line' id='line_1_10' title="bbox 57 900 845 974; baseline -0.001 -18"><span class='ocrx_word' id='word_1_55' title='bbox 57 904 180 974; x_wconf 79' lang='lat' dir='ltr'><em>Ensiferi</em></span> <span class='ocrx_word' id='word_1_56' title='bbox 190 903 299 955; x_wconf 87' lang='lat' dir='ltr'><em>nimium</em></span> <span class='ocrx_word' id='word_1_57' title='bbox 305 905 401 972; x_wconf 82' lang='lat' dir='ltr'><em>fulget</em></span> <span class='ocrx_word' id='word_1_58' title='bbox 411 906 484 955; x_wconf 86' lang='lat' dir='ltr'><em>latus</em></span> <span class='ocrx_word' id='word_1_59' title='bbox 496 900 622 956; x_wconf 81' lang='lat' dir='ltr'><em>Orionis?</em></span> <span class='ocrx_word' id='word_1_60' title='bbox 795 905 845 955; x_wconf 81' lang='grc'><em>665</em></span> 
     </span>
     <span class='ocr_line' id='line_1_11' title="bbox 56 971 701 1042; baseline 0 -18"><span class='ocrx_word' id='word_1_61' title='bbox 56 974 179 1024; x_wconf 81' lang='lat' dir='ltr'><em>Imminet</em></span> <span class='ocrx_word' id='word_1_62' title='bbox 190 987 325 1023; x_wconf 85' lang='lat' dir='ltr'><em>armorum</em></span> <span class='ocrx_word' id='word_1_63' title='bbox 336 971 438 1023; x_wconf 81' lang='lat' dir='ltr'><em>rabies:</em></span> <span class='ocrx_word' id='word_1_64' title='bbox 444 972 571 1042; x_wconf 83' lang='lat' dir='ltr'><em>ferrique</em></span> <span class='ocrx_word' id='word_1_65' title='bbox 578 983 701 1038; x_wconf 91' lang='lat' dir='ltr'><em>potestas</em></span> 
     </span>
     <span class='ocr_line' id='line_1_12' title="bbox 54 1040 735 1112; baseline 0.004 -22"><span class='ocrx_word' id='word_1_66' title='bbox 54 1040 208 1112; x_wconf 75' lang='lat' dir='ltr'><em>Consuadet</em></span> <span class='ocrx_word' id='word_1_67' title='bbox 218 1040 261 1091; x_wconf 89' lang='lat' dir='ltr'><em>ius</em></span> <span class='ocrx_word' id='word_1_68' title='bbox 272 1056 346 1092; x_wconf 85' lang='lat' dir='ltr'><em>ousae</em></span> <span class='ocrx_word' id='word_1_69' title='bbox 357 1056 452 1091; x_wconf 88' lang='lat' dir='ltr'><em>manu:</em></span> <span class='ocrx_word' id='word_1_70' title='bbox 463 1040 606 1105; x_wconf 82' lang='lat' dir='ltr'><em>scelerique</em></span> <span class='ocrx_word' id='word_1_71' title='bbox 616 1043 735 1112; x_wconf 79' lang='lat' dir='ltr'><em>nefando</em></span> 
     </span>
    </p>

    <p class='ocr_par' dir='ltr' id='par_1_7' title="bbox 54 1108 847 1439">
     <span class='ocr_line' id='line_1_13' title="bbox 54 1108 717 1173; baseline 0 -13"><span class='ocrx_word' id='word_1_72' title='bbox 54 1109 153 1161; x_wconf 89' lang='lat' dir='ltr'><em>Nomen</em></span> <span class='ocrx_word' id='word_1_73' title='bbox 164 1108 218 1159; x_wconf 88' lang='lat' dir='ltr'><em>erit</em></span> <span class='ocrx_word' id='word_1_74' title='bbox 226 1109 329 1160; x_wconf 79' lang='lat' dir='ltr'><em>virtus.-</em></span> <span class='ocrx_word' id='word_1_75' title='bbox 343 1110 490 1173; x_wconf 89' lang='lat' dir='ltr'><em>multosque</em></span> <span class='ocrx_word' id='word_1_76' title='bbox 501 1109 624 1161; x_wconf 80' lang='lat' dir='ltr'><em>exibitio</em></span> <span class='ocrx_word' id='word_1_77' title='bbox 634 1127 717 1162; x_wconf 90' lang='lat' dir='ltr'><em>annos</em></span> 
     </span>
     <span class='ocr_line' id='line_1_14' title="bbox 55 1175 813 1247; baseline 0.003 -22"><span class='ocrx_word' id='word_1_78' title='bbox 55 1175 208 1247; x_wconf 79' lang='lat' dir='ltr'><em>iliefuror.</em></span> <span class='ocrx_word' id='word_1_79' title='bbox 243 1175 284 1227; x_wconf 82' lang='lat' dir='ltr'><em>Et</em></span> <span class='ocrx_word' id='word_1_80' title='bbox 295 1192 403 1240; x_wconf 90' lang='lat' dir='ltr'><em>superos</em></span> <span class='ocrx_word' id='word_1_81' title='bbox 412 1176 479 1243; x_wconf 87' lang='lat' dir='ltr'><em>quid</em></span> <span class='ocrx_word' id='word_1_82' title='bbox 484 1179 591 1241; x_wconf 82' lang='lat' dir='ltr'><em>prodest</em></span> <span class='ocrx_word' id='word_1_83' title='bbox 599 1177 813 1245; x_wconf 80' lang='lat' dir='ltr'><em>poscerefinem?</em></span> 
     </span>
     <span class='ocr_line' id='line_1_15' title="bbox 55 1242 847 1309; baseline 0.004 -17"><span class='ocrx_word' id='word_1_84' title='bbox 55 1242 121 1294; x_wconf 81' lang='lat' dir='ltr'><em>Cum</em></span> <span class='ocrx_word' id='word_1_85' title='bbox 133 1244 234 1295; x_wconf 83' lang='lat' dir='ltr'><em>domiuo</em></span> <span class='ocrx_word' id='word_1_86' title='bbox 243 1260 303 1309; x_wconf 78' lang='lat' dir='ltr'><em>pax</em></span> <span class='ocrx_word' id='word_1_87' title='bbox 312 1244 366 1294; x_wconf 91' lang='lat' dir='ltr'><em>ista</em></span> <span class='ocrx_word' id='word_1_88' title='bbox 377 1244 458 1295; x_wconf 82' lang='lat' dir='ltr'><em>uenit.</em></span> <span class='ocrx_word' id='word_1_89' title='bbox 469 1242 541 1303; x_wconf 88' lang='lat' dir='ltr'><em>Duc,</em></span> <span class='ocrx_word' id='word_1_90' title='bbox 552 1244 647 1307; x_wconf 82' lang='lat' dir='ltr'><em>Roma,</em></span> <span class='ocrx_word' id='word_1_91' title='bbox 658 1248 787 1297; x_wconf 84' lang='lat' dir='ltr'><em>nsalorum</em></span> <span class='ocrx_word' id='word_1_92' title='bbox 798 1247 847 1297; x_wconf 78' lang='lat' dir='ltr'><em>btb</em></span> 
     </span>
     <span class='ocr_line' id='line_1_16' title="bbox 59 1309 770 1378; baseline 0.006 -19"><span class='ocrx_word' id='word_1_93' title='bbox 59 1309 219 1362; x_wconf 79' lang='lat' dir='ltr'><em>Continuam</em></span> <span class='ocrx_word' id='word_1_94' title='bbox 231 1312 324 1361; x_wconf 89' lang='lat' dir='ltr'><em>seriem</em></span> <span class='ocrx_word' id='word_1_95' title='bbox 331 1328 342 1370; x_wconf 79' lang='lat'><em>,ยน</em></span> <span class='ocrx_word' id='word_1_96' title='bbox 352 1313 505 1377; x_wconf 79' lang='lat' dir='ltr'><em>clademque</em></span> <span class='ocrx_word' id='word_1_97' title='bbox 517 1312 544 1364; x_wconf 90' lang='lat' dir='ltr'><em>in</em></span> <span class='ocrx_word' id='word_1_98' title='bbox 556 1322 674 1378; x_wconf 85' lang='lat' dir='ltr'><em>tempora</em></span> <span class='ocrx_word' id='word_1_99' title='bbox 686 1314 770 1365; x_wconf 87' lang='lat' dir='ltr'><em>multa</em></span> 
     </span>
     <span class='ocr_line' id='line_1_17' title="bbox 55 1377 643 1439; baseline -0.003 -9"><span class='ocrx_word' id='word_1_100' title='bbox 55 1377 192 1439; x_wconf 79' lang='lat' dir='ltr'><em>Extralse,</em></span> <span class='ocrx_word' id='word_1_101' title='bbox 209 1378 283 1428; x_wconf 84' lang='lat' dir='ltr'><em>civili</em></span> <span class='ocrx_word' id='word_1_102' title='bbox 294 1388 397 1429; x_wconf 93' lang='lat' dir='ltr'><em>tautum</em></span> <span class='ocrx_word' id='word_1_103' title='bbox 407 1379 461 1429; x_wconf 90' lang='lat' dir='ltr'><em>iam</em></span> <span class='ocrx_word' id='word_1_104' title='bbox 473 1378 557 1429; x_wconf 89' lang='lat' dir='ltr'><em>libera</em></span> <span class='ocrx_word' id='word_1_105' title='bbox 569 1379 643 1430; x_wconf 86' lang='lat' dir='ltr'><em>bello.</em></span> 
     </span>
    </p>

    <p class='ocr_par' dir='ltr' id='par_1_8' title="bbox 54 1443 847 1925">
     <span class='ocr_line' id='line_1_18' title="bbox 55 1443 787 1513; baseline 0.003 -19"><span class='ocrx_word' id='word_1_106' title='bbox 55 1448 224 1498; x_wconf 61' lang='lat' dir='ltr'><em>blarrucront</em></span> <span class='ocrx_word' id='word_1_107' title='bbox 233 1447 300 1495; x_wconf 78' lang='lat' dir='ltr'><em>uotis</em></span> <span class='ocrx_word' id='word_1_108' title='bbox 311 1443 379 1495; x_wconf 84' lang='lat' dir='ltr'><em>haec</em></span> <span class='ocrx_word' id='word_1_109' title='bbox 391 1446 516 1511; x_wconf 80' lang='lat' dir='ltr'><em>pavidam</em></span> <span class='ocrx_word' id='word_1_110' title='bbox 523 1447 787 1513; x_wconf 77' lang='lat' dir='ltr'><em>praesagiaplcbem:</em></span> 
     </span>
     <span class='ocr_line' id='line_1_19' title="bbox 56 1512 775 1580; baseline 0.001 -17"><span class='ocrx_word' id='word_1_111' title='bbox 56 1514 111 1563; x_wconf 83' lang='lat' dir='ltr'><em>Sed</em></span> <span class='ocrx_word' id='word_1_112' title='bbox 123 1514 228 1563; x_wconf 79' lang='lat' dir='ltr'><em>maiora</em></span> <span class='ocrx_word' id='word_1_113' title='bbox 238 1519 372 1580; x_wconf 82' lang='lat' dir='ltr'><em>premunt.</em></span> <span class='ocrx_word' id='word_1_114' title='bbox 408 1512 476 1562; x_wconf 87' lang='lat' dir='ltr'><em>Nam</em></span> <span class='ocrx_word' id='word_1_115' title='bbox 489 1513 574 1579; x_wconf 80' lang='lat' dir='ltr'><em>qualis</em></span> <span class='ocrx_word' id='word_1_116' title='bbox 586 1515 687 1565; x_wconf 83' lang='lat' dir='ltr'><em>vertice</em></span> <span class='ocrx_word' id='word_1_117' title='bbox 698 1515 775 1565; x_wconf 85' lang='lat' dir='ltr'><em>Pindi</em></span> 
     </span>
     <span class='ocr_line' id='line_1_20' title="bbox 56 1581 847 1649; baseline 0.001 -17"><span class='ocrx_word' id='word_1_118' title='bbox 56 1582 159 1632; x_wconf 82' lang='lat' dir='ltr'><em>Edonis</em></span> <span class='ocrx_word' id='word_1_119' title='bbox 172 1581 280 1649; x_wconf 84' lang='lat' dir='ltr'><em>Ogygio</em></span> <span class='ocrx_word' id='word_1_120' title='bbox 293 1581 413 1631; x_wconf 83' lang='lat' dir='ltr'><em>decurrit</em></span> <span class='ocrx_word' id='word_1_121' title='bbox 423 1581 504 1648; x_wconf 81' lang='lat' dir='ltr'><em>plena</em></span> <span class='ocrx_word' id='word_1_122' title='bbox 513 1581 623 1647; x_wconf 82' lang='lat' dir='ltr'><em>Lyaeo:</em></span> <span class='ocrx_word' id='word_1_123' title='bbox 798 1582 847 1633; x_wconf 74' lang='lat'><em>6โด15</em></span> 
     </span>
     <span class='ocr_line' id='line_1_21' title="bbox 55 1650 745 1719; baseline 0.003 -19"><span class='ocrx_word' id='word_1_124' title='bbox 55 1650 131 1700; x_wconf 83' lang='lat' dir='ltr'><em>Talis</em></span> <span class='ocrx_word' id='word_1_125' title='bbox 142 1656 170 1700; x_wconf 87' lang='lat' dir='ltr'><em>et</em></span> <span class='ocrx_word' id='word_1_126' title='bbox 180 1650 323 1700; x_wconf 80' lang='lat' dir='ltr'><em>attonitam</em></span> <span class='ocrx_word' id='word_1_127' title='bbox 333 1650 437 1716; x_wconf 73' lang='lat' dir='ltr'><em>sopitum</em></span> <span class='ocrx_word' id='word_1_128' title='bbox 448 1655 573 1702; x_wconf 78' lang='lat' dir='ltr'><em>matrona</em></span> <span class='ocrx_word' id='word_1_129' title='bbox 583 1666 631 1719; x_wconf 84' lang='lat' dir='ltr'><em>per</em></span> <span class='ocrx_word' id='word_1_130' title='bbox 642 1651 745 1713; x_wconf 83' lang='lat' dir='ltr'><em>urbem,</em></span> 
     </span>
     <span class='ocr_line' id='line_1_22' title="bbox 54 1716 787 1786; baseline -0.001 -16"><span class='ocrx_word' id='word_1_131' title='bbox 54 1718 176 1770; x_wconf 79' lang='lat' dir='ltr'><em>Vocibus</em></span> <span class='ocrx_word' id='word_1_132' title='bbox 186 1716 227 1770; x_wconf 86' lang='lat' dir='ltr'><em>his</em></span> <span class='ocrx_word' id='word_1_133' title='bbox 237 1717 353 1785; x_wconf 82' lang='lat' dir='ltr'><em>prodens</em></span> <span class='ocrx_word' id='word_1_134' title='bbox 363 1725 504 1786; x_wconf 84' lang='lat' dir='ltr'><em>urgentem</em></span> <span class='ocrx_word' id='word_1_135' title='bbox 514 1726 628 1786; x_wconf 81' lang='lat' dir='ltr'><em>pectora</em></span> <span class='ocrx_word' id='word_1_136' title='bbox 634 1718 773 1772; x_wconf 85' lang='lat' dir='ltr'><em>Phoebum</em></span> <span class='ocrx_word' id='word_1_137' title='bbox 782 1739 787 1769; x_wconf 93' lang='lat'><strong>:</strong></span> 
     </span>
     <span class='ocr_line' id='line_1_23' title="bbox 57 1785 802 1856; baseline 0.004 -18"><span class='ocrx_word' id='word_1_138' title='bbox 57 1785 211 1856; x_wconf 84' lang='lat' dir='ltr'><em>Quoseror,</em></span> <span class='ocrx_word' id='word_1_139' title='bbox 222 1804 236 1837; x_wconf 97' lang='lat' dir='ltr'><em>o</em></span> <span class='ocrx_word' id='word_1_140' title='bbox 248 1786 359 1838; x_wconf 80' lang='lat' dir='ltr'><em>Paean?</em></span> <span class='ocrx_word' id='word_1_141' title='bbox 370 1804 423 1855; x_wconf 86' lang='lat' dir='ltr'><em>qua</em></span> <span class='ocrx_word' id='word_1_142' title='bbox 434 1803 474 1839; x_wconf 89' lang='lat' dir='ltr'><em>me</em></span> <span class='ocrx_word' id='word_1_143' title='bbox 484 1803 564 1855; x_wconf 86' lang='lat' dir='ltr'><em>super</em></span> <span class='ocrx_word' id='word_1_144' title='bbox 575 1788 685 1841; x_wconf 87' lang='lat' dir='ltr'><em>aetbera</em></span> <span class='ocrx_word' id='word_1_145' title='bbox 696 1800 802 1855; x_wconf 85' lang='lat' dir='ltr'><em>raptam</em></span> 
     </span>
     <span class='ocr_line' id='line_1_24' title="bbox 58 1854 658 1925; baseline 0.008 -21"><span class='ocrx_word' id='word_1_146' title='bbox 58 1854 207 1907; x_wconf 79' lang='lat' dir='ltr'><em>Constituis</em></span> <span class='ocrx_word' id='word_1_147' title='bbox 217 1857 310 1908; x_wconf 81' lang='lat' dir='ltr'><em>terra?</em></span> <span class='ocrx_word' id='word_1_148' title='bbox 325 1854 405 1908; x_wconf 81' lang='lat' dir='ltr'><em>Video</em></span> <span class='ocrx_word' id='word_1_149' title='bbox 416 1857 550 1925; x_wconf 84' lang='lat' dir='ltr'><em>Pangaea</em></span> <span class='ocrx_word' id='word_1_150' title='bbox 561 1856 658 1910; x_wconf 83' lang='lat' dir='ltr'><em>niuosis</em></span> 
     </span>
    </p>

    <p class='ocr_par' dir='ltr' id='par_1_9' title="bbox 55 1923 847 2197">
     <span class='ocr_line' id='line_1_25' title="bbox 55 1923 847 1994; baseline 0.004 -20"><span class='ocrx_word' id='word_1_151' title='bbox 55 1923 131 1976; x_wconf 85' lang='lat' dir='ltr'><em>Caua</em></span> <span class='ocrx_word' id='word_1_152' title='bbox 142 1924 223 1993; x_wconf 84' lang='lat' dir='ltr'><em>iugis,</em></span> <span class='ocrx_word' id='word_1_153' title='bbox 234 1927 355 1991; x_wconf 90' lang='lat' dir='ltr'><em>latosque</em></span> <span class='ocrx_word' id='word_1_154' title='bbox 366 1925 442 1977; x_wconf 80' lang='lat' dir='ltr'><em>Aemi</em></span> <span class='ocrx_word' id='word_1_155' title='bbox 451 1926 497 1977; x_wconf 93' lang='lat' dir='ltr'><em>sub</em></span> <span class='ocrx_word' id='word_1_156' title='bbox 507 1943 575 1994; x_wconf 88' lang='lat' dir='ltr'><em>rupe</em></span> <span class='ocrx_word' id='word_1_157' title='bbox 584 1927 734 1994; x_wconf 74' lang='lat' dir='ltr'><em>Philippos.</em></span> <span class='ocrx_word' id='word_1_158' title='bbox 798 1927 847 1978; x_wconf 87' lang='grc'><em>686</em></span> 
     </span>
     <span class='ocr_line' id='line_1_26' title="bbox 56 1991 795 2062; baseline 0.005 -20"><span class='ocrx_word' id='word_1_159' title='bbox 56 1991 121 2053; x_wconf 81' lang='lat' dir='ltr'><em>Quis</em></span> <span class='ocrx_word' id='word_1_160' title='bbox 127 1993 212 2062; x_wconf 85' lang='lat' dir='ltr'><em>furor</em></span> <span class='ocrx_word' id='word_1_161' title='bbox 222 1992 275 2053; x_wconf 83' lang='lat' dir='ltr'><em>bic,</em></span> <span class='ocrx_word' id='word_1_162' title='bbox 286 2010 300 2043; x_wconf 94' lang='lat' dir='ltr'><em>o</em></span> <span class='ocrx_word' id='word_1_163' title='bbox 311 1993 427 2054; x_wconf 86' lang='lat' dir='ltr'><em>Pboebe,</em></span> <span class='ocrx_word' id='word_1_164' title='bbox 438 1996 517 2046; x_wconf 82' lang='lat' dir='ltr'><em>cloce:</em></span> <span class='ocrx_word' id='word_1_165' title='bbox 527 2011 578 2061; x_wconf 89' lang='lat' dir='ltr'><em>quo</em></span> <span class='ocrx_word' id='word_1_166' title='bbox 589 1999 642 2047; x_wconf 85' lang='lat' dir='ltr'><em>tela</em></span> <span class='ocrx_word' id='word_1_167' title='bbox 653 2012 795 2062; x_wconf 88' lang='lat' dir='ltr'><em>manusque</em></span> 
     </span>
     <span class='ocr_line' id='line_1_27' title="bbox 56 2061 779 2130; baseline 0.007 -21"><span class='ocrx_word' id='word_1_168' title='bbox 56 2061 192 2112; x_wconf 81' lang='lat' dir='ltr'><em>Romanae</em></span> <span class='ocrx_word' id='word_1_169' title='bbox 204 2061 316 2112; x_wconf 89' lang='lat' dir='ltr'><em>miscent</em></span> <span class='ocrx_word' id='word_1_170' title='bbox 325 2061 406 2123; x_wconf 90' lang='lat' dir='ltr'><em>acies,</em></span> <span class='ocrx_word' id='word_1_171' title='bbox 416 2061 561 2130; x_wconf 75' lang='lat' dir='ltr'><em>bellumque</em></span> <span class='ocrx_word' id='word_1_172' title='bbox 572 2064 627 2115; x_wconf 88' lang='lat' dir='ltr'><em>siue</em></span> <span class='ocrx_word' id='word_1_173' title='bbox 639 2063 712 2115; x_wconf 88' lang='lat' dir='ltr'><em>boste</em></span> <span class='ocrx_word' id='word_1_174' title='bbox 724 2067 779 2116; x_wconf 82' lang='lat' dir='ltr'><em>est?</em></span> 
     </span>
     <span class='ocr_line' id='line_1_28' title="bbox 56 2127 727 2197; baseline 0.009 -21"><span class='ocrx_word' id='word_1_175' title='bbox 56 2129 114 2189; x_wconf 86' lang='lat' dir='ltr'><em>Quo</em></span> <span class='ocrx_word' id='word_1_176' title='bbox 127 2127 231 2178; x_wconf 85' lang='lat' dir='ltr'><em>clioersa</em></span> <span class='ocrx_word' id='word_1_177' title='bbox 239 2129 339 2197; x_wconf 75' lang='lat' dir='ltr'><em>feror!</em></span> <span class='ocrx_word' id='word_1_178' title='bbox 352 2128 461 2180; x_wconf 83' lang='lat' dir='ltr'><em>Primos</em></span> <span class='ocrx_word' id='word_1_179' title='bbox 471 2147 511 2181; x_wconf 91' lang='lat' dir='ltr'><em>me</em></span> <span class='ocrx_word' id='word_1_180' title='bbox 522 2131 596 2182; x_wconf 81' lang='lat' dir='ltr'><em>ducis</em></span> <span class='ocrx_word' id='word_1_181' title='bbox 606 2133 634 2184; x_wconf 91' lang='lat' dir='ltr'><em>in</em></span> <span class='ocrx_word' id='word_1_182' title='bbox 645 2143 727 2194; x_wconf 84' lang='lat' dir='ltr'><em>ortus,</em></span> 
     </span>
    </p>

    <p class='ocr_par' dir='ltr' id='par_1_10' title="bbox 56 2194 629 2265">
     <span class='ocr_line' id='line_1_29' title="bbox 56 2194 629 2265; baseline 0.01 -23"><span class='ocrx_word' id='word_1_183' title='bbox 56 2196 116 2259; x_wconf 84' lang='lat' dir='ltr'><em>Qrsa</em></span> <span class='ocrx_word' id='word_1_184' title='bbox 127 2210 202 2245; x_wconf 91' lang='lat' dir='ltr'><em>mare</em></span> <span class='ocrx_word' id='word_1_185' title='bbox 212 2194 300 2261; x_wconf 83' lang='lat' dir='ltr'><em>Lagei</em></span> <span class='ocrx_word' id='word_1_186' title='bbox 310 2204 432 2247; x_wconf 86' lang='lat' dir='ltr'><em>mutatur</em></span> <span class='ocrx_word' id='word_1_187' title='bbox 439 2197 552 2265; x_wconf 79' lang='lat' dir='ltr'><em>gurgite</em></span> <span class='ocrx_word' id='word_1_188' title='bbox 565 2199 629 2251; x_wconf 88' lang='lat' dir='ltr'><em>Nili.</em></span> 
     </span>
    </p>

    <p class='ocr_par' dir='ltr' id='par_1_11' title="bbox 54 2260 846 2534">
     <span class='ocr_line' id='line_1_30' title="bbox 54 2260 846 2332; baseline 0 -18"><span class='ocrx_word' id='word_1_189' title='bbox 54 2263 135 2315; x_wconf 88' lang='lat' dir='ltr'><em>Hunc</em></span> <span class='ocrx_word' id='word_1_190' title='bbox 145 2260 338 2331; x_wconf 85' lang='lat' dir='ltr'><em>ego,fluruiueo</em></span> <span class='ocrx_word' id='word_1_191' title='bbox 351 2263 479 2332; x_wconf 81' lang='lat' dir='ltr'><em>deformis</em></span> <span class='ocrx_word' id='word_1_192' title='bbox 489 2273 600 2316; x_wconf 86' lang='lat' dir='ltr'><em>truncus</em></span> <span class='ocrx_word' id='word_1_193' title='bbox 611 2283 694 2317; x_wconf 88' lang='lat' dir='ltr'><em>arena</em></span> <span class='ocrx_word' id='word_1_194' title='bbox 798 2267 846 2316; x_wconf 81' lang='grc'><em>685</em></span> 
     </span>
     <span class='ocr_line' id='line_1_31' title="bbox 56 2330 778 2400; baseline 0.001 -18"><span class='ocrx_word' id='word_1_195' title='bbox 56 2331 110 2394; x_wconf 88' lang='lat' dir='ltr'><em>Qui</em></span> <span class='ocrx_word' id='word_1_196' title='bbox 119 2331 200 2392; x_wconf 81' lang='lat' dir='ltr'><em>iacet,</em></span> <span class='ocrx_word' id='word_1_197' title='bbox 209 2344 339 2399; x_wconf 82' lang='lat' dir='ltr'><em>agnosco.-</em></span> <span class='ocrx_word' id='word_1_198' title='bbox 349 2330 456 2381; x_wconf 85' lang='lat' dir='ltr'><em>dubiam</em></span> <span class='ocrx_word' id='word_1_199' title='bbox 467 2346 546 2398; x_wconf 88' lang='lat' dir='ltr'><em>super</em></span> <span class='ocrx_word' id='word_1_200' title='bbox 558 2348 674 2397; x_wconf 88' lang='lat' dir='ltr'><em>aequora</em></span> <span class='ocrx_word' id='word_1_201' title='bbox 686 2333 778 2400; x_wconf 78' lang='lat' dir='ltr'><em>Syrtin</em></span> 
     </span>
     <span class='ocr_line' id='line_1_32' title="bbox 55 2397 734 2468; baseline 0 -18"><span class='ocrx_word' id='word_1_202' title='bbox 55 2400 231 2465; x_wconf 77' lang='lat' dir='ltr'><em>Areretemque</em></span> <span class='ocrx_word' id='word_1_203' title='bbox 258 2414 318 2450; x_wconf 85' lang='lat' dir='ltr'><em>eror</em></span> <span class='ocrx_word' id='word_1_204' title='bbox 329 2397 440 2467; x_wconf 73' lang='lat' dir='ltr'><em>Libyen,</em></span> <span class='ocrx_word' id='word_1_205' title='bbox 451 2415 502 2465; x_wconf 88' lang='lat' dir='ltr'><em>quo</em></span> <span class='ocrx_word' id='word_1_206' title='bbox 514 2399 602 2450; x_wconf 85' lang='lat' dir='ltr'><em>tristis</em></span> <span class='ocrx_word' id='word_1_207' title='bbox 613 2398 734 2468; x_wconf 76' lang='lat' dir='ltr'><em>Erinnys</em></span> 
     </span>
     <span class='ocr_line' id='line_1_33' title="bbox 56 2465 786 2534; baseline -0.004 -14"><span class='ocrx_word' id='word_1_208' title='bbox 56 2468 212 2520; x_wconf 84' lang='lat' dir='ltr'><em>Transtulit</em></span> <span class='ocrx_word' id='word_1_209' title='bbox 248 2465 365 2518; x_wconf 82' lang='lat' dir='ltr'><em>usatbias</em></span> <span class='ocrx_word' id='word_1_210' title='bbox 375 2467 455 2518; x_wconf 87' lang='lat' dir='ltr'><em>acies.</em></span> <span class='ocrx_word' id='word_1_211' title='bbox 492 2466 572 2520; x_wconf 88' lang='lat' dir='ltr'><em>Nunc</em></span> <span class='ocrx_word' id='word_1_212' title='bbox 588 2468 697 2534; x_wconf 79' lang='lat' dir='ltr'><em>desuper</em></span> <span class='ocrx_word' id='word_1_213' title='bbox 711 2467 786 2534; x_wconf 78' lang='lat' dir='ltr'><em>Alpis</em></span> 
     </span>
    </p>
   </div>
   <div class='ocr_carea' id='block_1_3' title="bbox 55 2535 843 2810">
    <p class='ocr_par' dir='ltr' id='par_1_12' title="bbox 56 2535 640 2617">
     <span class='ocr_line' id='line_1_34' title="bbox 56 2535 640 2617; baseline 0.005 -32"><span class='ocrx_word' id='word_1_214' title='bbox 56 2535 203 2617; x_wconf 69' lang='lat' dir='ltr'><em>Nubiferae</em></span> <span class='ocrx_word' id='word_1_215' title='bbox 212 2538 299 2597; x_wconf 89' lang='lat' dir='ltr'><em>colles,</em></span> <span class='ocrx_word' id='word_1_216' title='bbox 310 2545 390 2602; x_wconf 87' lang='lat' dir='ltr'><em>atque</em></span> <span class='ocrx_word' id='word_1_217' title='bbox 401 2535 505 2588; x_wconf 84' lang='lat' dir='ltr'><em>aeriam</em></span> <span class='ocrx_word' id='word_1_218' title='bbox 516 2538 640 2606; x_wconf 78' lang='lat' dir='ltr'><em>Pyrenen</em></span> 
     </span>
    </p>

    <p class='ocr_par' dir='ltr' id='par_1_13' title="bbox 55 2603 843 2810">
     <span class='ocr_line' id='line_1_35' title="bbox 56 2603 843 2685; baseline -0.004 -31"><span class='ocrx_word' id='word_1_219' title='bbox 56 2603 220 2685; x_wconf 65' lang='lat' dir='ltr'><em>Abrnpisnur.</em></span> <span class='ocrx_word' id='word_1_220' title='bbox 247 2603 363 2657; x_wconf 88' lang='lat' dir='ltr'><em>Patriae</em></span> <span class='ocrx_word' id='word_1_221' title='bbox 373 2605 445 2656; x_wconf 71' lang='lat' dir='ltr'><em>selles</em></span> <span class='ocrx_word' id='word_1_222' title='bbox 455 2621 601 2657; x_wconf 88' lang='lat' dir='ltr'><em>remeamus</em></span> <span class='ocrx_word' id='word_1_223' title='bbox 612 2605 640 2658; x_wconf 89' lang='lat' dir='ltr'><em>in</em></span> <span class='ocrx_word' id='word_1_224' title='bbox 651 2603 733 2664; x_wconf 88' lang='lat' dir='ltr'><em>urbis,</em></span> <span class='ocrx_word' id='word_1_225' title='bbox 795 2603 843 2652; x_wconf 84' lang='grc'><em>696</em></span> 
     </span>
     <span class='ocr_line' id='line_1_36' title="bbox 56 2671 699 2741; baseline 0.005 -20"><span class='ocrx_word' id='word_1_226' title='bbox 56 2672 191 2739; x_wconf 81' lang='lat' dir='ltr'><em>lapsaque</em></span> <span class='ocrx_word' id='word_1_227' title='bbox 200 2671 228 2724; x_wconf 92' lang='lat' dir='ltr'><em>in</em></span> <span class='ocrx_word' id='word_1_228' title='bbox 239 2673 325 2725; x_wconf 81' lang='lat' dir='ltr'><em>medio</em></span> <span class='ocrx_word' id='word_1_229' title='bbox 334 2683 508 2741; x_wconf 78' lang='lat' dir='ltr'><em>peraguntur</em></span> <span class='ocrx_word' id='word_1_230' title='bbox 518 2675 586 2726; x_wconf 85' lang='lat' dir='ltr'><em>bella</em></span> <span class='ocrx_word' id='word_1_231' title='bbox 596 2682 699 2727; x_wconf 85' lang='lat' dir='ltr'><em>senatu.</em></span> 
     </span>
     <span class='ocr_line' id='line_1_37' title="bbox 55 2737 753 2810; baseline 0.007 -23"><span class='ocrx_word' id='word_1_232' title='bbox 55 2737 227 2807; x_wconf 73' lang='lat' dir='ltr'><em>Consurgunt</em></span> <span class='ocrx_word' id='word_1_233' title='bbox 237 2751 331 2807; x_wconf 88' lang='lat' dir='ltr'><em>partes</em></span> <span class='ocrx_word' id='word_1_234' title='bbox 343 2743 449 2799; x_wconf 85' lang='lat' dir='ltr'><em>ilerum,</em></span> <span class='ocrx_word' id='word_1_235' title='bbox 462 2751 597 2810; x_wconf 87' lang='lat' dir='ltr'><em>totumque</em></span> <span class='ocrx_word' id='word_1_236' title='bbox 604 2759 654 2809; x_wconf 86' lang='lat' dir='ltr'><em>per</em></span> <span class='ocrx_word' id='word_1_237' title='bbox 665 2741 753 2793; x_wconf 88' lang='lat' dir='ltr'><em>orbem</em></span> 
     </span>
    </p>
   </div>
   <div class='ocr_carea' id='block_1_4' title="bbox 0 0 994 3074">
    <p class='ocr_par' dir='ltr' id='par_1_14' title="bbox 0 0 994 3074">
     <span class='ocr_line' id='line_1_38' title="bbox 0 0 994 3074; baseline 0 0"><span class='ocrx_word' id='word_1_238' title='bbox 0 0 994 3074; x_wconf 95' lang='lat' dir='ltr'><em> </em></span> 
     </span>
    </p>
   </div>
  </div>
 </body>
</html>
