1980 3074
210 169 260 220 146
383 168 420 217 Μ.
456 165 555 216 ΑΝΝ.
592 165 772 217 buceri!

209 285 366 354 bymplrato
377 285 528 351 trepidasse
540 283 630 335 metu?
659 285 797 351 Prnesagu
811 284 948 336 melorum

209 353 238 408 Si
259 357 325 406 dete
345 370 420 406 mens
441 350 543 403 homini
564 359 615 414 est,
638 353 731 469 'l'ypiis
752 353 797 419 qui
820 352 948 405 Gadibus

699 435 779 486 ospes

208 493 331 553 Adiacet,
342 492 550 556 Armeniumque
562 487 631 538 bibit
641 487 778 539 Romunus
789 491 910 542 Araxen:

211 560 265 613 Sub
273 574 443 628 quocumque
455 558 508 619 die,
519 570 689 624 quocumque
695 562 738 607 est
746 557 829 609 sideri
838 561 947 623 muudi,

149 630 199 681 090
210 631 328 690 Mouet,
339 634 368 679 et
378 629 614 695 ignoretenussus,
627 625 945 692 animumquedolentern

210 699 336 764 Corripit,
347 694 481 748 Emathiis
492 694 556 762 quid
568 693 666 760 perdet
675 695 764 745 nescit
771 695 799 746 in
814 698 897 747 ervis.

209 769 252 819 Eu
272 780 350 827 enee,
362 765 385 815 si
395 779 462 814 vera
472 764 540 814 fldes
550 763 772 825 memorantibus,
783 779 871 832 augur

211 783 285 887 (lofin
296 834 403 894 sedens,
414 835 525 899 Aponus
536 832 617 882 terris
626 829 673 882 ubl
683 829 793 884 firnsiler
804 834 869 894 exit,

210 907 296 970 Atque
308 902 455 952 Antenorei
465 901 630 968 dispergitur
639 900 713 952 uude
723 902 838 964 limari,

150 974 198 1025 195
216 970 294 1022 Venit
304 985 407 1021 summe
418 969 481 1032 dies,
490 969 599 1028 geritur
609 986 651 1020 rer
661 969 788 1032 maxime,
800 971 881 1021 dixit:

212 1039 297 1106 lrnps'a
309 1047 472 1091 reuerterunt
481 1037 606 1104 Pompeii
616 1048 642 1089 et
656 1037 781 1090 Caesaris
792 1055 871 1091 arma
881 1053 896 1099 ,··

210 1108 264 1160 Seu
273 1108 392 1159 tonitrus
403 1122 436 1158 ec
445 1107 502 1158 tels
512 1107 583 1158 loris
594 1122 728 1175 praesage
737 1109 852 1170 noterit,
930 1106 935 1117 '

210 1175 328 1229 Aethere
338 1189 386 1226 seu
397 1181 485 1227 totum
497 1175 617 1226 discordi
628 1174 761 1227 obsistere
772 1176 851 1227 coelo

211 1245 406 1312 l'erspexitque
416 1245 507 1311 polos:
526 1260 574 1295 seu
589 1244 680 1295 lumen
694 1245 722 1295 in
738 1242 850 1296 aethere
868 1260 946 1297 moe·

681 1319 753 1364 stum

151 1387 201 1436 ²00
213 1381 293 1446 Solis,
302 1383 330 1434 ln
342 1383 458 1433 obscuro
470 1395 587 1450 pugnam
597 1381 701 1447 pellere
712 1383 824 1433 noterit.

210 1451 375 1504 Dissimilem
386 1456 460 1502 certe
472 1450 586 1513 eunctis,
596 1464 665 1518 quos
675 1450 803 1517 explicet,
813 1452 871 1519 egit

211 1519 398 1572 Thessalicum
409 1525 508 1570 nature
517 1517 602 1569 diem:
620 1519 643 1569 si
654 1523 753 1570 cuncte
762 1520 851 1585 perito

210 1592 318 1657 Augure
329 1602 405 1638 mens
415 1585 555 1637 hominum
567 1585 638 1637 coeli
648 1601 719 1636 nore
729 1587 948 1654 signunotesset,

212 1657 337 1724 Spectari
348 1661 409 1706 toto
420 1655 511 1721 potuit
521 1652 663 1705 Pharsalia
674 1653 783 1705 mundo.

153 1728 202 1778 205
214 1727 237 1777 0
249 1738 369 1776 summos
379 1721 525 1784 homiuum,
537 1723 781 1790 quorumFortune
790 1736 840 1790 per
850 1723 947 1776 orbem

213 1793 297 1861 Signa
306 1791 389 1852 dedit,
400 1805 514 1857 quorum
526 1791 590 1841 latis
601 1791 706 1842 coelum
716 1806 795 1842 omne
805 1792 930 1844 recusit!

213 1863 291 1913 llaec
301 1866 330 1912 et
341 1859 413 1924 apud
423 1873 499 1909 seras
510 1865 614 1942 pentes,
626 1861 795 1927 populosque
805 1867 948 1928 nepotum,

213 1929 276 1981 Sive
286 1943 336 1979 sun
346 1932 451 1978 tentum
462 1934 571 1979 rement
580 1929 608 1978 in
618 1928 728 1980 saecule
738 1927 821 1991 lenia,

213 1997 276 2050 Sive
286 1995 386 2063 aliquid
398 1997 502 2064 maguis
511 1998 598 2047 nostri
609 2013 716 2065 quoque
728 2013 794 2049 eure
804 1998 908 2050 leheris

153 2071 204 2121 210
214 2064 374 2118 Nominibus
385 2064 516 2131 prodesse
526 2073 627 2132 potest,
639 2082 700 2118 eum
708 2065 781 2118 bella
788 2068 926 2134 legentur,

213 2135 334 2203 Spesque
349 2139 492 2201 metusque
507 2134 598 2196 simul,
614 2137 788 2203 perituraque
806 2142 871 2187 vota
888 2150 947 2186 mo·

629 2213 632 2218 “
682 2205 797 2256 rebunte

152 2323 153 2326 ,
214 2272 386 2340 Adtonitique
397 2287 490 2324 omnes
501 2273 584 2323 veluti
594 2275 731 2325 venientia
740 2272 808 2336 late,

214 2341 274 2394 Non
286 2341 444 2393 transmissu
453 2341 559 2410 legent,
571 2347 600 2393 et
609 2341 698 2393 edlsuc
709 2343 772 2404 tibi,
781 2344 898 2411 Magne,
908 2341 950 2393 le·

682 2411 793 2464 rebunt.

264 2479 344 2530 Miles
354 2485 385 2529 ut
397 2478 512 2530 ndverso
523 2475 628 2530 Phoebi
638 2480 760 2532 radiatus
772 2480 807 2533 eb
815 2481 874 2533 ictu

155 2551 204 2601 215
216 2547 392 2599 Descendens
401 2552 477 2599 totos
488 2544 608 2613 perfudit
616 2547 717 2601 lumine
728 2550 821 2613 colles,

214 2617 277 2670 Non
286 2623 390 2668 temere
401 2616 537 2666 immissus
548 2618 664 2683 campis:
682 2621 760 2671 stetit
765 2620 861 2672 ordine
872 2625 952 2671 certe

216 2685 313 2736 infelix
325 2686 407 2736 acies.
437 2684 541 2735 Comus
552 2684 601 2736 tibi
613 2700 679 2737 curn
688 2688 799 2747 sinistri,
