<?xml version="1.0" encoding="UTF-8"?>
<!DOCTYPE html PUBLIC "-//W3C//DTD XHTML 1.0 Transitional//EN"
    "http://www.w3.org/TR/xhtml1/DTD/xhtml1-transitional.dtd">
<html xmlns="http://www.w3.org/1999/xhtml" xml:lang="en" lang="en">
 <head>
  <title>
</title>
<meta http-equiv="Content-Type" content="text/html;charset=utf-8" />
  <meta name='ocr-system' content='tesseract 3.04.00' />
  <meta name='ocr-capabilities' content='ocr_page ocr_carea ocr_par ocr_line ocrx_word'/>
</head>
<body>
  <div class='ocr_page' id='page_1' title='image "./pharsaliacumind00lucagoog_0053.png"; bbox 0 0 1980 3074; ppageno 0'>
   <div class='ocr_carea' id='block_1_1' title="bbox 137 174 699 226">
    <p class='ocr_par' dir='ltr' id='par_1_1' title="bbox 137 174 699 226">
     <span class='ocr_line' id='line_1_1' title="bbox 137 174 699 226; baseline -0.002 0"><span class='ocrx_word' id='word_1_1' title='bbox 137 175 171 226; x_wconf 76' lang='grc'>46</span> <span class='ocrx_word' id='word_1_2' title='bbox 309 177 346 226; x_wconf 87' lang='grc' dir='ltr'>Μ.</span> <span class='ocrx_word' id='word_1_3' title='bbox 382 174 483 226; x_wconf 70' lang='lat' dir='ltr'>and.</span> <span class='ocrx_word' id='word_1_4' title='bbox 519 174 699 226; x_wconf 70' lang='lat' dir='ltr'>Lucan!</span> 
     </span>
    </p>
   </div>
   <div class='ocr_carea' id='block_1_2' title="bbox 95 293 875 2763">
    <p class='ocr_par' dir='ltr' id='par_1_2' title="bbox 140 293 865 429">
     <span class='ocr_line' id='line_1_2' title="bbox 141 293 769 361; baseline 0 -18"><span class='ocrx_word' id='word_1_5' title='bbox 141 294 204 343; x_wconf 81' lang='lat' dir='ltr'>Dux</span> <span class='ocrx_word' id='word_1_6' title='bbox 216 296 293 343; x_wconf 91' lang='lat' dir='ltr'>stctit</span> <span class='ocrx_word' id='word_1_7' title='bbox 303 295 448 361; x_wconf 79' lang='lat' dir='ltr'>Hesperio,</span> <span class='ocrx_word' id='word_1_8' title='bbox 460 309 513 344; x_wconf 90' lang='lat' dir='ltr'>non</span> <span class='ocrx_word' id='word_1_9' title='bbox 523 293 596 343; x_wconf 92' lang='lat' dir='ltr'>illum</span> <span class='ocrx_word' id='word_1_10' title='bbox 608 294 696 361; x_wconf 86' lang='lat' dir='ltr'>gloria</span> <span class='ocrx_word' id='word_1_11' title='bbox 701 294 769 359; x_wconf 87' lang='lat' dir='ltr'>pulsi</span> 
     </span>
     <span class='ocr_line' id='line_1_3' title="bbox 140 362 865 429; baseline 0 -18"><span class='ocrx_word' id='word_1_12' title='bbox 140 362 287 412; x_wconf 81' lang='lat' dir='ltr'>Laetificat</span> <span class='ocrx_word' id='word_1_13' title='bbox 297 363 406 429; x_wconf 83' lang='lat' dir='ltr'>Magni:</span> <span class='ocrx_word' id='word_1_14' title='bbox 418 363 540 429; x_wconf 88' lang='lat' dir='ltr'>queritur</span> <span class='ocrx_word' id='word_1_15' title='bbox 550 362 622 428; x_wconf 90' lang='lat' dir='ltr'>quod</span> <span class='ocrx_word' id='word_1_16' title='bbox 632 369 693 412; x_wconf 90' lang='lat' dir='ltr'>tuta</span> <span class='ocrx_word' id='word_1_17' title='bbox 704 377 752 428; x_wconf 87' lang='lat' dir='ltr'>per</span> <span class='ocrx_word' id='word_1_18' title='bbox 763 377 865 428; x_wconf 84' lang='lat' dir='ltr'>aequor</span> 
     </span>
    </p>

    <p class='ocr_par' dir='ltr' id='par_1_3' title="bbox 97 429 875 563">
     <span class='ocr_line' id='line_1_4' title="bbox 97 429 875 498; baseline 0.001 -19"><span class='ocrx_word' id='word_1_19' title='bbox 97 429 131 479; x_wconf 80' lang='lat'>50</span> <span class='ocrx_word' id='word_1_20' title='bbox 142 432 235 497; x_wconf 81' lang='lat' dir='ltr'>Terga</span> <span class='ocrx_word' id='word_1_21' title='bbox 245 429 335 480; x_wconf 88' lang='lat' dir='ltr'>lerant</span> <span class='ocrx_word' id='word_1_22' title='bbox 344 429 445 481; x_wconf 87' lang='lat' dir='ltr'>hostes.</span> <span class='ocrx_word' id='word_1_23' title='bbox 464 429 487 480; x_wconf 89' lang='lat' dir='ltr'>N</span> <span class='ocrx_word' id='word_1_24' title='bbox 491 445 558 498; x_wconf 84' lang='lat' dir='ltr'>eque</span> <span class='ocrx_word' id='word_1_25' title='bbox 564 432 635 481; x_wconf 92' lang='lat' dir='ltr'>enim</span> <span class='ocrx_word' id='word_1_26' title='bbox 644 431 699 480; x_wconf 91' lang='lat' dir='ltr'>iam</span> <span class='ocrx_word' id='word_1_27' title='bbox 710 431 810 480; x_wconf 83' lang='lat' dir='ltr'>suffieit</span> <span class='ocrx_word' id='word_1_28' title='bbox 821 431 875 480; x_wconf 86' lang='lat' dir='ltr'>ulla</span> 
     </span>
     <span class='ocr_line' id='line_1_5' title="bbox 142 498 765 563; baseline 0 -15"><span class='ocrx_word' id='word_1_29' title='bbox 142 498 289 563; x_wconf 78' lang='lat' dir='ltr'>Praecipiti</span> <span class='ocrx_word' id='word_1_30' title='bbox 301 498 412 549; x_wconf 73' lang='lat' dir='ltr'>lenone</span> <span class='ocrx_word' id='word_1_31' title='bbox 422 500 495 549; x_wconf 82' lang='lat' dir='ltr'>viro:</span> <span class='ocrx_word' id='word_1_32' title='bbox 506 514 558 550; x_wconf 88' lang='lat' dir='ltr'>nee</span> <span class='ocrx_word' id='word_1_33' title='bbox 567 500 676 549; x_wconf 81' lang='lat' dir='ltr'>rincere</span> <span class='ocrx_word' id='word_1_34' title='bbox 688 501 765 559; x_wconf 87' lang='lat' dir='ltr'>tanti,</span> 
     </span>
    </p>

    <p class='ocr_par' dir='ltr' id='par_1_4' title="bbox 142 566 830 771">
     <span class='ocr_line' id='line_1_6' title="bbox 142 566 830 633; baseline -0.003 -15"><span class='ocrx_word' id='word_1_35' title='bbox 142 568 178 618; x_wconf 91' lang='lat' dir='ltr'>Ut</span> <span class='ocrx_word' id='word_1_36' title='bbox 187 566 287 616; x_wconf 90' lang='lat' dir='ltr'>bellum</span> <span class='ocrx_word' id='word_1_37' title='bbox 297 566 428 629; x_wconf 76' lang='lat' dir='ltr'>differret,</span> <span class='ocrx_word' id='word_1_38' title='bbox 440 575 508 618; x_wconf 86' lang='lat' dir='ltr'>erat.</span> <span class='ocrx_word' id='word_1_39' title='bbox 545 569 615 617; x_wconf 92' lang='lat' dir='ltr'>Tum</span> <span class='ocrx_word' id='word_1_40' title='bbox 626 574 738 633; x_wconf 82' lang='lat' dir='ltr'>pectore</span> <span class='ocrx_word' id='word_1_41' title='bbox 750 582 830 617; x_wconf 87' lang='lat' dir='ltr'>curas</span> 
     </span>
     <span class='ocr_line' id='line_1_7' title="bbox 144 635 787 703; baseline 0.002 -19"><span class='ocrx_word' id='word_1_42' title='bbox 144 635 254 701; x_wconf 81' lang='lat' dir='ltr'>Expulit</span> <span class='ocrx_word' id='word_1_43' title='bbox 264 650 410 697; x_wconf 83' lang='lat' dir='ltr'>annorum,</span> <span class='ocrx_word' id='word_1_44' title='bbox 421 637 536 703; x_wconf 89' lang='lat' dir='ltr'>pacique</span> <span class='ocrx_word' id='word_1_45' title='bbox 546 637 666 686; x_wconf 86' lang='lat' dir='ltr'>intentus</span> <span class='ocrx_word' id='word_1_46' title='bbox 679 635 787 703; x_wconf 85' lang='lat' dir='ltr'>agebat,</span> 
     </span>
     <span class='ocr_line' id='line_1_8' title="bbox 143 704 813 771; baseline 0.001 -18"><span class='ocrx_word' id='word_1_47' title='bbox 143 704 257 770; x_wconf 79' lang='lat' dir='ltr'>Quoque</span> <span class='ocrx_word' id='word_1_48' title='bbox 267 705 349 755; x_wconf 90' lang='lat' dir='ltr'>modo</span> <span class='ocrx_word' id='word_1_49' title='bbox 359 719 444 755; x_wconf 82' lang='lat' dir='ltr'>vanos</span> <span class='ocrx_word' id='word_1_50' title='bbox 456 704 549 771; x_wconf 91' lang='lat' dir='ltr'>populi</span> <span class='ocrx_word' id='word_1_51' title='bbox 560 706 684 755; x_wconf 81' lang='lat' dir='ltr'>conciret</span> <span class='ocrx_word' id='word_1_52' title='bbox 695 719 813 765; x_wconf 88' lang='lat' dir='ltr'>amores,</span> 
     </span>
    </p>

    <p class='ocr_par' dir='ltr' id='par_1_5' title="bbox 100 770 874 1107">
     <span class='ocr_line' id='line_1_9' title="bbox 100 770 805 834; baseline 0.004 -15"><span class='ocrx_word' id='word_1_53' title='bbox 100 770 133 820; x_wconf 72' lang='lat'>55</span> <span class='ocrx_word' id='word_1_54' title='bbox 146 771 263 834; x_wconf 86' lang='lat' dir='ltr'>Gnarus,</span> <span class='ocrx_word' id='word_1_55' title='bbox 275 778 304 823; x_wconf 91' lang='lat' dir='ltr'>et</span> <span class='ocrx_word' id='word_1_56' title='bbox 313 775 415 824; x_wconf 87' lang='lat' dir='ltr'>irarum</span> <span class='ocrx_word' id='word_1_57' title='bbox 428 788 539 823; x_wconf 88' lang='lat' dir='ltr'>caussas</span> <span class='ocrx_word' id='word_1_58' title='bbox 550 780 578 824; x_wconf 91' lang='lat' dir='ltr'>et</span> <span class='ocrx_word' id='word_1_59' title='bbox 588 789 694 823; x_wconf 83' lang='lat' dir='ltr'>summa</span> <span class='ocrx_word' id='word_1_60' title='bbox 703 772 805 824; x_wconf 78' lang='lat' dir='ltr'>favoris</span> 
     </span>
     <span class='ocr_line' id='line_1_10' title="bbox 142 839 857 908; baseline 0.004 -19"><span class='ocrx_word' id='word_1_61' title='bbox 142 841 255 891; x_wconf 74' lang='lat' dir='ltr'>Annona</span> <span class='ocrx_word' id='word_1_62' title='bbox 263 848 402 892; x_wconf 85' lang='lat' dir='ltr'>momenta</span> <span class='ocrx_word' id='word_1_63' title='bbox 413 839 493 892; x_wconf 86' lang='lat' dir='ltr'>trahi.</span> <span class='ocrx_word' id='word_1_64' title='bbox 528 841 652 908; x_wconf 77' lang='lat' dir='ltr'>Namque</span> <span class='ocrx_word' id='word_1_65' title='bbox 663 840 765 892; x_wconf 84' lang='lat' dir='ltr'>adserit</span> <span class='ocrx_word' id='word_1_66' title='bbox 775 841 857 892; x_wconf 89' lang='lat' dir='ltr'>urbes</span> 
     </span>
     <span class='ocr_line' id='line_1_11' title="bbox 143 907 874 978; baseline 0.004 -20"><span class='ocrx_word' id='word_1_67' title='bbox 143 907 208 959; x_wconf 87' lang='lat' dir='ltr'>Sola</span> <span class='ocrx_word' id='word_1_68' title='bbox 218 908 314 972; x_wconf 88' lang='lat' dir='ltr'>lames,</span> <span class='ocrx_word' id='word_1_69' title='bbox 326 912 477 977; x_wconf 87' lang='lat' dir='ltr'>emiturque</span> <span class='ocrx_word' id='word_1_70' title='bbox 483 916 580 972; x_wconf 89' lang='lat' dir='ltr'>metus,</span> <span class='ocrx_word' id='word_1_71' title='bbox 591 926 652 961; x_wconf 91' lang='lat' dir='ltr'>cum</span> <span class='ocrx_word' id='word_1_72' title='bbox 659 925 741 978; x_wconf 83' lang='lat' dir='ltr'>segne</span> <span class='ocrx_word' id='word_1_73' title='bbox 748 915 874 975; x_wconf 86' lang='lat' dir='ltr'>potentes</span> 
     </span>
     <span class='ocr_line' id='line_1_12' title="bbox 143 977 793 1045; baseline -0.003 -16"><span class='ocrx_word' id='word_1_74' title='bbox 143 977 246 1045; x_wconf 79' lang='lat' dir='ltr'>Volgus</span> <span class='ocrx_word' id='word_1_75' title='bbox 257 978 341 1029; x_wconf 80' lang='lat' dir='ltr'>alunt</span> <span class='ocrx_word' id='word_1_76' title='bbox 377 978 473 1030; x_wconf 81' lang='lat' dir='ltr'>Nescit</span> <span class='ocrx_word' id='word_1_77' title='bbox 482 978 575 1045; x_wconf 90' lang='lat' dir='ltr'>plebes</span> <span class='ocrx_word' id='word_1_78' title='bbox 586 980 678 1030; x_wconf 87' lang='lat' dir='ltr'>ieiuna</span> <span class='ocrx_word' id='word_1_79' title='bbox 688 980 793 1029; x_wconf 88' lang='lat' dir='ltr'>timere.</span> 
     </span>
     <span class='ocr_line' id='line_1_13' title="bbox 143 1045 804 1107; baseline 0.002 -11"><span class='ocrx_word' id='word_1_80' title='bbox 143 1047 223 1096; x_wconf 82' lang='lat' dir='ltr'>Curio</span> <span class='ocrx_word' id='word_1_81' title='bbox 236 1045 358 1098; x_wconf 84' lang='lat' dir='ltr'>Sicanias</span> <span class='ocrx_word' id='word_1_82' title='bbox 370 1048 563 1099; x_wconf 82' lang='lat' dir='ltr'>transcendere</span> <span class='ocrx_word' id='word_1_83' title='bbox 573 1049 663 1098; x_wconf 88' lang='lat' dir='ltr'>iussus</span> <span class='ocrx_word' id='word_1_84' title='bbox 672 1049 700 1098; x_wconf 91' lang='lat' dir='ltr'>in</span> <span class='ocrx_word' id='word_1_85' title='bbox 712 1048 804 1107; x_wconf 85' lang='lat' dir='ltr'>urbes,</span> 
     </span>
    </p>

    <p class='ocr_par' dir='ltr' id='par_1_6' title="bbox 98 1113 787 1176">
     <span class='ocr_line' id='line_1_14' title="bbox 98 1113 787 1176; baseline 0.001 -12"><span class='ocrx_word' id='word_1_86' title='bbox 98 1113 131 1164; x_wconf 81' lang='lat' dir='ltr'>uu</span> <span class='ocrx_word' id='word_1_87' title='bbox 143 1116 204 1176; x_wconf 79' lang='lat' dir='ltr'>Qua</span> <span class='ocrx_word' id='word_1_88' title='bbox 215 1130 290 1166; x_wconf 83' lang='lat' dir='ltr'>mare</span> <span class='ocrx_word' id='word_1_89' title='bbox 298 1116 423 1168; x_wconf 82' lang='lat' dir='ltr'>tellurem</span> <span class='ocrx_word' id='word_1_90' title='bbox 434 1117 530 1167; x_wconf 91' lang='lat' dir='ltr'>subitis</span> <span class='ocrx_word' id='word_1_91' title='bbox 541 1123 588 1166; x_wconf 88' lang='lat' dir='ltr'>aut</span> <span class='ocrx_word' id='word_1_92' title='bbox 600 1117 690 1167; x_wconf 89' lang='lat' dir='ltr'>obruit</span> <span class='ocrx_word' id='word_1_93' title='bbox 700 1116 787 1176; x_wconf 88' lang='lat' dir='ltr'>undis,</span> 
     </span>
    </p>

    <p class='ocr_par' dir='ltr' id='par_1_7' title="bbox 140 1184 783 1322">
     <span class='ocr_line' id='line_1_15' title="bbox 140 1184 783 1246; baseline 0.002 -13"><span class='ocrx_word' id='word_1_94' title='bbox 140 1184 193 1234; x_wconf 79' lang='lat' dir='ltr'>Aut</span> <span class='ocrx_word' id='word_1_95' title='bbox 204 1184 293 1246; x_wconf 88' lang='lat' dir='ltr'>scidit,</span> <span class='ocrx_word' id='word_1_96' title='bbox 305 1191 334 1236; x_wconf 81' lang='lat' dir='ltr'>at</span> <span class='ocrx_word' id='word_1_97' title='bbox 343 1185 447 1236; x_wconf 87' lang='lat' dir='ltr'>medias</span> <span class='ocrx_word' id='word_1_98' title='bbox 458 1184 525 1235; x_wconf 91' lang='lat' dir='ltr'>lecit</span> <span class='ocrx_word' id='word_1_99' title='bbox 535 1185 586 1235; x_wconf 91' lang='lat' dir='ltr'>sibi</span> <span class='ocrx_word' id='word_1_100' title='bbox 596 1186 677 1235; x_wconf 91' lang='lat' dir='ltr'>litora</span> <span class='ocrx_word' id='word_1_101' title='bbox 686 1191 783 1235; x_wconf 88' lang='lat' dir='ltr'>terras.</span> 
     </span>
     <span class='ocr_line' id='line_1_16' title="bbox 141 1251 772 1322; baseline -0.003 -18"><span class='ocrx_word' id='word_1_102' title='bbox 141 1251 190 1304; x_wconf 89' lang='lat' dir='ltr'>Vis</span> <span class='ocrx_word' id='word_1_103' title='bbox 199 1252 253 1303; x_wconf 91' lang='lat' dir='ltr'>illic</span> <span class='ocrx_word' id='word_1_104' title='bbox 264 1255 359 1321; x_wconf 83' lang='lat' dir='ltr'>ingens</span> <span class='ocrx_word' id='word_1_105' title='bbox 369 1255 467 1322; x_wconf 80' lang='lat' dir='ltr'>pelagi,</span> <span class='ocrx_word' id='word_1_106' title='bbox 477 1269 636 1320; x_wconf 81' lang='lat' dir='ltr'>semperque</span> <span class='ocrx_word' id='word_1_107' title='bbox 647 1253 772 1303; x_wconf 91' lang='lat' dir='ltr'>laborant</span> 
     </span>
    </p>

    <p class='ocr_par' dir='ltr' id='par_1_8' title="bbox 141 1321 797 1459">
     <span class='ocr_line' id='line_1_17' title="bbox 141 1321 797 1390; baseline 0 -20"><span class='ocrx_word' id='word_1_108' title='bbox 141 1321 275 1388; x_wconf 77' lang='lat' dir='ltr'>Aequora,</span> <span class='ocrx_word' id='word_1_109' title='bbox 286 1338 321 1374; x_wconf 89' lang='lat' dir='ltr'>ne</span> <span class='ocrx_word' id='word_1_110' title='bbox 331 1324 405 1390; x_wconf 84' lang='lat' dir='ltr'>rupti</span> <span class='ocrx_word' id='word_1_111' title='bbox 415 1329 541 1389; x_wconf 82' lang='lat' dir='ltr'>repetant</span> <span class='ocrx_word' id='word_1_112' title='bbox 551 1323 668 1373; x_wconf 85' lang='lat' dir='ltr'>confinia</span> <span class='ocrx_word' id='word_1_113' title='bbox 678 1328 797 1372; x_wconf 64' lang='lat' dir='ltr'>montena</span> 
     </span>
     <span class='ocr_line' id='line_1_18' title="bbox 141 1389 788 1459; baseline 0 -20"><span class='ocrx_word' id='word_1_114' title='bbox 141 1389 271 1458; x_wconf 86' lang='lat' dir='ltr'>Bellaque</span> <span class='ocrx_word' id='word_1_115' title='bbox 283 1390 402 1444; x_wconf 82' lang='lat' dir='ltr'>Sardoas</span> <span class='ocrx_word' id='word_1_116' title='bbox 412 1393 495 1444; x_wconf 83' lang='lat' dir='ltr'>etiam</span> <span class='ocrx_word' id='word_1_117' title='bbox 505 1398 670 1459; x_wconf 81' lang='lat' dir='ltr'>sparguntur</span> <span class='ocrx_word' id='word_1_118' title='bbox 679 1392 705 1440; x_wconf 95' lang='lat' dir='ltr'>in</span> <span class='ocrx_word' id='word_1_119' title='bbox 717 1406 788 1440; x_wconf 90' lang='lat' dir='ltr'>oras.</span> 
     </span>
    </p>

    <p class='ocr_par' dir='ltr' id='par_1_9' title="bbox 98 1455 840 1801">
     <span class='ocr_line' id='line_1_19' title="bbox 98 1455 759 1529; baseline 0.003 -23"><span class='ocrx_word' id='word_1_120' title='bbox 98 1455 131 1506; x_wconf 80' lang='lat'>65</span> <span class='ocrx_word' id='word_1_121' title='bbox 143 1459 263 1527; x_wconf 86' lang='lat' dir='ltr'>Utraque</span> <span class='ocrx_word' id='word_1_122' title='bbox 274 1461 412 1529; x_wconf 82' lang='lat' dir='ltr'>frugiferis</span> <span class='ocrx_word' id='word_1_123' title='bbox 424 1467 467 1512; x_wconf 87' lang='lat' dir='ltr'>est</span> <span class='ocrx_word' id='word_1_124' title='bbox 474 1461 562 1511; x_wconf 87' lang='lat' dir='ltr'>insula</span> <span class='ocrx_word' id='word_1_125' title='bbox 571 1460 668 1510; x_wconf 92' lang='lat' dir='ltr'>nobilis</span> <span class='ocrx_word' id='word_1_126' title='bbox 679 1461 759 1520; x_wconf 64' lang='lat' dir='ltr'>arvis</span> 
     </span>
     <span class='ocr_line' id='line_1_20' title="bbox 140 1524 840 1596; baseline 0.003 -20"><span class='ocrx_word' id='word_1_127' title='bbox 140 1524 198 1577; x_wconf 89' lang='lat' dir='ltr'>Nec</span> <span class='ocrx_word' id='word_1_128' title='bbox 209 1527 269 1593; x_wconf 87' lang='lat' dir='ltr'>plus</span> <span class='ocrx_word' id='word_1_129' title='bbox 282 1530 444 1596; x_wconf 76' lang='lat' dir='ltr'>Hesperiam</span> <span class='ocrx_word' id='word_1_130' title='bbox 455 1530 606 1596; x_wconf 78' lang='lat' dir='ltr'>longinquis</span> <span class='ocrx_word' id='word_1_131' title='bbox 617 1528 749 1578; x_wconf 90' lang='lat' dir='ltr'>messibus</span> <span class='ocrx_word' id='word_1_132' title='bbox 760 1528 840 1588; x_wconf 90' lang='lat' dir='ltr'>ullae,</span> 
     </span>
     <span class='ocr_line' id='line_1_21' title="bbox 140 1594 837 1666; baseline -0.003 -21"><span class='ocrx_word' id='word_1_133' title='bbox 140 1594 199 1646; x_wconf 85' lang='lat' dir='ltr'>Nec</span> <span class='ocrx_word' id='word_1_134' title='bbox 209 1597 333 1647; x_wconf 85' lang='lat' dir='ltr'>Romana</span> <span class='ocrx_word' id='word_1_135' title='bbox 341 1600 428 1666; x_wconf 86' lang='lat' dir='ltr'>magis</span> <span class='ocrx_word' id='word_1_136' title='bbox 440 1597 611 1663; x_wconf 88' lang='lat' dir='ltr'>complerunt</span> <span class='ocrx_word' id='word_1_137' title='bbox 621 1595 723 1646; x_wconf 87' lang='lat' dir='ltr'>horrea</span> <span class='ocrx_word' id='word_1_138' title='bbox 732 1603 837 1647; x_wconf 86' lang='lat' dir='ltr'>terrae:</span> 
     </span>
     <span class='ocr_line' id='line_1_22' title="bbox 140 1663 827 1732; baseline 0.001 -19"><span class='ocrx_word' id='word_1_139' title='bbox 140 1663 230 1714; x_wconf 87' lang='lat' dir='ltr'>Ubere</span> <span class='ocrx_word' id='word_1_140' title='bbox 240 1666 285 1714; x_wconf 81' lang='lat' dir='ltr'>rix</span> <span class='ocrx_word' id='word_1_141' title='bbox 296 1666 393 1732; x_wconf 87' lang='lat' dir='ltr'>glebae</span> <span class='ocrx_word' id='word_1_142' title='bbox 403 1672 523 1732; x_wconf 90' lang='lat' dir='ltr'>superat,</span> <span class='ocrx_word' id='word_1_143' title='bbox 534 1666 703 1715; x_wconf 83' lang='lat' dir='ltr'>cessantibus</span> <span class='ocrx_word' id='word_1_144' title='bbox 713 1667 827 1726; x_wconf 79' lang='lat' dir='ltr'>Austris,</span> 
     </span>
     <span class='ocr_line' id='line_1_23' title="bbox 141 1733 818 1801; baseline 0.001 -20"><span class='ocrx_word' id='word_1_145' title='bbox 141 1733 207 1781; x_wconf 88' lang='lat' dir='ltr'>Cum</span> <span class='ocrx_word' id='word_1_146' title='bbox 220 1733 338 1783; x_wconf 91' lang='lat' dir='ltr'>medium</span> <span class='ocrx_word' id='word_1_147' title='bbox 351 1735 437 1785; x_wconf 89' lang='lat' dir='ltr'>nubes</span> <span class='ocrx_word' id='word_1_148' title='bbox 448 1735 541 1784; x_wconf 88' lang='lat' dir='ltr'>Borea</span> <span class='ocrx_word' id='word_1_149' title='bbox 551 1740 668 1801; x_wconf 81' lang='lat' dir='ltr'>cogente</span> <span class='ocrx_word' id='word_1_150' title='bbox 677 1734 727 1784; x_wconf 92' lang='lat' dir='ltr'>sub</span> <span class='ocrx_word' id='word_1_151' title='bbox 739 1748 818 1783; x_wconf 83' lang='lat' dir='ltr'>axem</span> 
     </span>
    </p>

    <p class='ocr_par' dir='ltr' id='par_1_10' title="bbox 100 1799 814 1868">
     <span class='ocr_line' id='line_1_24' title="bbox 100 1799 814 1868; baseline 0.004 -20"><span class='ocrx_word' id='word_1_152' title='bbox 100 1800 133 1848; x_wconf 78' lang='lat' dir='ltr'>lb</span> <span class='ocrx_word' id='word_1_153' title='bbox 144 1799 246 1851; x_wconf 83' lang='lat' dir='ltr'>Effusis</span> <span class='ocrx_word' id='word_1_154' title='bbox 254 1816 381 1868; x_wconf 83' lang='lat' dir='ltr'>magnum</span> <span class='ocrx_word' id='word_1_155' title='bbox 391 1802 481 1868; x_wconf 88' lang='lat' dir='ltr'>Libye</span> <span class='ocrx_word' id='word_1_156' title='bbox 493 1803 555 1852; x_wconf 92' lang='lat' dir='ltr'>tulit</span> <span class='ocrx_word' id='word_1_157' title='bbox 564 1802 696 1853; x_wconf 89' lang='lat' dir='ltr'>imbribus</span> <span class='ocrx_word' id='word_1_158' title='bbox 707 1818 814 1852; x_wconf 89' lang='lat' dir='ltr'>annum.</span> 
     </span>
    </p>

    <p class='ocr_par' dir='ltr' id='par_1_11' title="bbox 140 1870 875 2144">
     <span class='ocr_line' id='line_1_25' title="bbox 194 1870 875 1938; baseline 0.001 -19"><span class='ocrx_word' id='word_1_159' title='bbox 194 1870 271 1920; x_wconf 86' lang='lat' dir='ltr'>llaec</span> <span class='ocrx_word' id='word_1_160' title='bbox 280 1870 327 1920; x_wconf 89' lang='lat' dir='ltr'>ubi</span> <span class='ocrx_word' id='word_1_161' title='bbox 337 1872 514 1937; x_wconf 77' lang='lat' dir='ltr'>suntprom&#39;sn</span> <span class='ocrx_word' id='word_1_162' title='bbox 520 1870 591 1933; x_wconf 87' lang='lat' dir='ltr'>duci,</span> <span class='ocrx_word' id='word_1_163' title='bbox 601 1872 875 1938; x_wconf 84' lang='lat' dir='ltr'>tuncagminarictor</span> 
     </span>
     <span class='ocr_line' id='line_1_26' title="bbox 140 1936 852 2005; baseline 0 -17"><span class='ocrx_word' id='word_1_164' title='bbox 140 1936 200 1988; x_wconf 88' lang='lat' dir='ltr'>Non</span> <span class='ocrx_word' id='word_1_165' title='bbox 212 1945 318 1989; x_wconf 86' lang='lat' dir='ltr'>armata</span> <span class='ocrx_word' id='word_1_166' title='bbox 329 1937 448 2001; x_wconf 62' lang='lat' dir='ltr'>umens,</span> <span class='ocrx_word' id='word_1_167' title='bbox 459 1938 507 1991; x_wconf 89' lang='lat' dir='ltr'>sed</span> <span class='ocrx_word' id='word_1_168' title='bbox 518 1941 593 2005; x_wconf 90' lang='lat' dir='ltr'>pacis</span> <span class='ocrx_word' id='word_1_169' title='bbox 602 1937 731 1990; x_wconf 88' lang='lat' dir='ltr'>babentia</span> <span class='ocrx_word' id='word_1_170' title='bbox 741 1939 852 1999; x_wconf 75' lang='lat' dir='ltr'>vultum,</span> 
     </span>
     <span class='ocr_line' id='line_1_27' title="bbox 140 2007 872 2073; baseline 0.003 -18"><span class='ocrx_word' id='word_1_171' title='bbox 140 2007 230 2056; x_wconf 80' lang='lat' dir='ltr'>Tecta</span> <span class='ocrx_word' id='word_1_172' title='bbox 243 2008 312 2073; x_wconf 91' lang='lat' dir='ltr'>petit</span> <span class='ocrx_word' id='word_1_173' title='bbox 323 2010 436 2073; x_wconf 84' lang='lat' dir='ltr'>patriae.</span> <span class='ocrx_word' id='word_1_174' title='bbox 460 2009 528 2070; x_wconf 89' lang='lat' dir='ltr'>Pro,</span> <span class='ocrx_word' id='word_1_175' title='bbox 539 2010 561 2058; x_wconf 91' lang='lat' dir='ltr'>si</span> <span class='ocrx_word' id='word_1_176' title='bbox 572 2015 721 2059; x_wconf 86' lang='lat' dir='ltr'>remeasset</span> <span class='ocrx_word' id='word_1_177' title='bbox 732 2010 757 2058; x_wconf 87' lang='lat' dir='ltr'>iu</span> <span class='ocrx_word' id='word_1_178' title='bbox 768 2008 872 2065; x_wconf 83' lang='lat' dir='ltr'>urbem,</span> 
     </span>
     <span class='ocr_line' id='line_1_28' title="bbox 142 2073 797 2144; baseline 0.003 -19"><span class='ocrx_word' id='word_1_179' title='bbox 142 2073 282 2125; x_wconf 88' lang='lat' dir='ltr'>Gallorum</span> <span class='ocrx_word' id='word_1_180' title='bbox 293 2083 399 2127; x_wconf 89' lang='lat' dir='ltr'>tantum</span> <span class='ocrx_word' id='word_1_181' title='bbox 410 2077 517 2144; x_wconf 89' lang='lat' dir='ltr'>populis</span> <span class='ocrx_word' id='word_1_182' title='bbox 529 2079 664 2144; x_wconf 78' lang='lat' dir='ltr'>Arctoque</span> <span class='ocrx_word' id='word_1_183' title='bbox 674 2077 797 2138; x_wconf 87' lang='lat' dir='ltr'>subacta,</span> 
     </span>
    </p>

    <p class='ocr_par' dir='ltr' id='par_1_12' title="bbox 97 2142 840 2488">
     <span class='ocr_line' id='line_1_29' title="bbox 97 2142 840 2214; baseline 0.004 -23"><span class='ocrx_word' id='word_1_184' title='bbox 97 2142 131 2191; x_wconf 71' lang='lat'>75</span> <span class='ocrx_word' id='word_1_185' title='bbox 143 2143 230 2203; x_wconf 81' lang='lat' dir='ltr'>Quam</span> <span class='ocrx_word' id='word_1_186' title='bbox 242 2147 339 2196; x_wconf 89' lang='lat' dir='ltr'>seriem</span> <span class='ocrx_word' id='word_1_187' title='bbox 351 2161 441 2196; x_wconf 85' lang='lat' dir='ltr'>rerum</span> <span class='ocrx_word' id='word_1_188' title='bbox 451 2145 534 2214; x_wconf 78' lang='lat' dir='ltr'>longa</span> <span class='ocrx_word' id='word_1_189' title='bbox 544 2148 719 2213; x_wconf 86' lang='lat' dir='ltr'>praemittere</span> <span class='ocrx_word' id='word_1_190' title='bbox 731 2161 840 2212; x_wconf 87' lang='lat' dir='ltr'>pompa,</span> 
     </span>
     <span class='ocr_line' id='line_1_30' title="bbox 141 2212 783 2280; baseline 0.006 -19"><span class='ocrx_word' id='word_1_191' title='bbox 141 2212 215 2272; x_wconf 76' lang='lat' dir='ltr'>Quas</span> <span class='ocrx_word' id='word_1_192' title='bbox 227 2216 317 2280; x_wconf 92' lang='lat' dir='ltr'>potuit</span> <span class='ocrx_word' id='word_1_193' title='bbox 326 2214 390 2266; x_wconf 88' lang='lat' dir='ltr'>belli</span> <span class='ocrx_word' id='word_1_194' title='bbox 400 2214 498 2266; x_wconf 82' lang='lat' dir='ltr'>facies!</span> <span class='ocrx_word' id='word_1_195' title='bbox 517 2217 553 2266; x_wconf 90' lang='lat' dir='ltr'>Ut</span> <span class='ocrx_word' id='word_1_196' title='bbox 563 2215 669 2265; x_wconf 77' lang='lat' dir='ltr'>vincula</span> <span class='ocrx_word' id='word_1_197' title='bbox 679 2212 783 2277; x_wconf 86' lang='lat' dir='ltr'>Rheno,</span> 
     </span>
     <span class='ocr_line' id='line_1_31' title="bbox 141 2281 763 2348; baseline 0.006 -18"><span class='ocrx_word' id='word_1_198' title='bbox 141 2281 306 2348; x_wconf 87' lang='lat' dir='ltr'>Oceanoque</span> <span class='ocrx_word' id='word_1_199' title='bbox 317 2283 409 2336; x_wconf 86' lang='lat' dir='ltr'>daret!</span> <span class='ocrx_word' id='word_1_200' title='bbox 428 2284 516 2335; x_wconf 90' lang='lat' dir='ltr'>celsus</span> <span class='ocrx_word' id='word_1_201' title='bbox 527 2290 558 2334; x_wconf 87' lang='lat' dir='ltr'>ut</span> <span class='ocrx_word' id='word_1_202' title='bbox 570 2283 658 2334; x_wconf 83' lang='lat' dir='ltr'>Galba</span> <span class='ocrx_word' id='word_1_203' title='bbox 668 2299 763 2336; x_wconf 92' lang='lat' dir='ltr'>currus</span> 
     </span>
     <span class='ocr_line' id='line_1_32' title="bbox 139 2349 805 2420; baseline 0.005 -21"><span class='ocrx_word' id='word_1_204' title='bbox 139 2349 253 2412; x_wconf 86' lang='lat' dir='ltr'>Nobilis,</span> <span class='ocrx_word' id='word_1_205' title='bbox 264 2359 293 2403; x_wconf 91' lang='lat' dir='ltr'>et</span> <span class='ocrx_word' id='word_1_206' title='bbox 302 2351 379 2404; x_wconf 81' lang='lat' dir='ltr'>llario</span> <span class='ocrx_word' id='word_1_207' title='bbox 390 2359 551 2420; x_wconf 89' lang='lat' dir='ltr'>sequeretur</span> <span class='ocrx_word' id='word_1_208' title='bbox 562 2355 647 2404; x_wconf 83' lang='lat' dir='ltr'>mixta</span> <span class='ocrx_word' id='word_1_209' title='bbox 658 2353 805 2403; x_wconf 87' lang='lat' dir='ltr'>Britannis.</span> 
     </span>
     <span class='ocr_line' id='line_1_33' title="bbox 139 2418 826 2488; baseline 0.004 -21"><span class='ocrx_word' id='word_1_210' title='bbox 139 2418 261 2470; x_wconf 83' lang='lat' dir='ltr'>Perdidit</span> <span class='ocrx_word' id='word_1_211' title='bbox 271 2436 287 2471; x_wconf 94' lang='lat' dir='ltr'>o</span> <span class='ocrx_word' id='word_1_212' title='bbox 299 2421 405 2488; x_wconf 87' lang='lat' dir='ltr'>qualem</span> <span class='ocrx_word' id='word_1_213' title='bbox 416 2420 548 2473; x_wconf 78' lang='lat' dir='ltr'>rincendo</span> <span class='ocrx_word' id='word_1_214' title='bbox 560 2421 638 2488; x_wconf 84' lang='lat' dir='ltr'>plura</span> <span class='ocrx_word' id='word_1_215' title='bbox 649 2418 826 2487; x_wconf 88' lang='lat' dir='ltr'>triumphum!</span> 
     </span>
    </p>

    <p class='ocr_par' dir='ltr' id='par_1_13' title="bbox 95 2485 765 2550">
     <span class='ocr_line' id='line_1_34' title="bbox 95 2485 765 2550; baseline 0.009 -16"><span class='ocrx_word' id='word_1_216' title='bbox 95 2486 129 2534; x_wconf 84' lang='lat'>80</span> <span class='ocrx_word' id='word_1_217' title='bbox 140 2485 200 2537; x_wconf 79' lang='lat' dir='ltr'>Non</span> <span class='ocrx_word' id='word_1_218' title='bbox 210 2487 283 2540; x_wconf 91' lang='lat' dir='ltr'>illum</span> <span class='ocrx_word' id='word_1_219' title='bbox 294 2490 375 2541; x_wconf 86' lang='lat' dir='ltr'>laetis</span> <span class='ocrx_word' id='word_1_220' title='bbox 386 2491 529 2541; x_wconf 85' lang='lat' dir='ltr'>radentem</span> <span class='ocrx_word' id='word_1_221' title='bbox 542 2491 664 2540; x_wconf 89' lang='lat' dir='ltr'>coetibus</span> <span class='ocrx_word' id='word_1_222' title='bbox 676 2491 765 2550; x_wconf 86' lang='lat' dir='ltr'>urbes,</span> 
     </span>
    </p>

    <p class='ocr_par' dir='ltr' id='par_1_14' title="bbox 137 2553 851 2763">
     <span class='ocr_line' id='line_1_35' title="bbox 138 2553 851 2625; baseline 0.006 -20"><span class='ocrx_word' id='word_1_223' title='bbox 138 2553 192 2606; x_wconf 87' lang='lat' dir='ltr'>Sed</span> <span class='ocrx_word' id='word_1_224' title='bbox 202 2560 304 2608; x_wconf 87' lang='lat' dir='ltr'>tacitae</span> <span class='ocrx_word' id='word_1_225' title='bbox 316 2559 409 2610; x_wconf 83' lang='lat' dir='ltr'>ridere</span> <span class='ocrx_word' id='word_1_226' title='bbox 419 2565 501 2609; x_wconf 90' lang='lat' dir='ltr'>metu.</span> <span class='ocrx_word' id='word_1_227' title='bbox 531 2557 593 2610; x_wconf 90' lang='lat' dir='ltr'>Non</span> <span class='ocrx_word' id='word_1_228' title='bbox 604 2561 726 2609; x_wconf 88' lang='lat' dir='ltr'>constitit</span> <span class='ocrx_word' id='word_1_229' title='bbox 736 2573 851 2625; x_wconf 84' lang='lat' dir='ltr'>usquam</span> 
     </span>
     <span class='ocr_line' id='line_1_36' title="bbox 138 2624 816 2679; baseline 0.004 -5"><span class='ocrx_word' id='word_1_230' title='bbox 138 2624 396 2678; x_wconf 78' lang='lat' dir='ltr'>Obriaturbaduci.</span> <span class='ocrx_word' id='word_1_231' title='bbox 434 2627 542 2678; x_wconf 87' lang='lat' dir='ltr'>Gaudet</span> <span class='ocrx_word' id='word_1_232' title='bbox 551 2634 642 2679; x_wconf 91' lang='lat' dir='ltr'>tamen</span> <span class='ocrx_word' id='word_1_233' title='bbox 653 2642 713 2678; x_wconf 87' lang='lat' dir='ltr'>esse</span> <span class='ocrx_word' id='word_1_234' title='bbox 723 2627 816 2678; x_wconf 74' lang='lat' dir='ltr'>timon·</span> 
     </span>
     <span class='ocr_line' id='line_1_37' title="bbox 137 2693 799 2763; baseline 0.006 -22"><span class='ocrx_word' id='word_1_235' title='bbox 137 2693 207 2742; x_wconf 86' lang='lat' dir='ltr'>Tam</span> <span class='ocrx_word' id='word_1_236' title='bbox 220 2709 318 2763; x_wconf 80' lang='lat' dir='ltr'>magno</span> <span class='ocrx_word' id='word_1_237' title='bbox 329 2696 445 2763; x_wconf 85' lang='lat' dir='ltr'>populis,</span> <span class='ocrx_word' id='word_1_238' title='bbox 458 2702 486 2746; x_wconf 86' lang='lat' dir='ltr'>et</span> <span class='ocrx_word' id='word_1_239' title='bbox 497 2711 526 2747; x_wconf 90' lang='lat' dir='ltr'>se</span> <span class='ocrx_word' id='word_1_240' title='bbox 538 2711 592 2747; x_wconf 92' lang='lat' dir='ltr'>non</span> <span class='ocrx_word' id='word_1_241' title='bbox 602 2697 695 2747; x_wconf 91' lang='lat' dir='ltr'>mallet</span> <span class='ocrx_word' id='word_1_242' title='bbox 705 2697 799 2746; x_wconf 84' lang='lat' dir='ltr'>amari.</span> 
     </span>
    </p>
   </div>
   <div class='ocr_carea' id='block_1_3' title="bbox 786 2846 894 3003">
    <p class='ocr_par' dir='ltr' id='par_1_15' title="bbox 786 2846 894 3003">
     <span class='ocr_line' id='line_1_38' title="bbox 786 2846 894 3003; baseline 0 0"><span class='ocrx_word' id='word_1_243' title='bbox 786 2846 894 3003; x_wconf 58' lang='lat' dir='ltr'>rs.-</span> 
     </span>
    </p>
   </div>
   <div class='ocr_carea' id='block_1_4' title="bbox 0 0 994 3074">
    <p class='ocr_par' dir='ltr' id='par_1_16' title="bbox 0 0 994 3074">
     <span class='ocr_line' id='line_1_39' title="bbox 0 0 994 3074; baseline 0 0"><span class='ocrx_word' id='word_1_244' title='bbox 0 0 994 3074; x_wconf 95' lang='lat' dir='ltr'> </span> 
     </span>
    </p>
   </div>
  </div>
 </body>
</html>
