1994 3082
190 215 475 269 Pflassslnln.
510 219 599 270 ΜΒ.
627 219 696 272 vll.
758 219 809 271 lto

75 338 163 396 Quem
169 334 282 402 iugulat,
289 350 342 385 non
349 350 408 386 esse
414 342 529 402 putrem.
541 337 617 389 Mors
623 338 811 404 nullaquerele
817 337 867 388 636

73 404 165 470 Digna
179 418 229 453 sua
240 409 295 465 est,
311 403 452 471 nullosque
467 403 605 456 hominum
619 405 711 473 lugere
727 420 806 455 vocu-

547 488 615 524 mus.

73 538 134 590 Non
146 540 213 590 istas
224 537 318 590 habuit
327 555 434 608 pugnae
445 540 587 591 Pharsalia
597 549 698 605 partes,

74 609 150 668 Quas
160 607 230 658 aliae
241 608 346 658 clades:
364 609 419 660 illic
430 624 479 675 per
488 609 547 659 iata
557 610 686 670 virorum,

74 677 128 726 Por
138 676 253 742 populos
264 673 309 727 hic
320 677 407 728 Romo
418 679 503 745 perit:
522 692 592 744 quae
603 677 695 728 militis
705 677 769 740 illie,

73 745 149 794 Mors
161 742 204 794 hic
215 746 304 811 gentis
315 751 387 795 erat:
406 746 517 813 sanguis
526 745 564 796 ibi
576 744 656 796 lluxit
665 743 798 807 Achaeus,
818 746 866 795 635

74 813 213 875 Ponticus,
224 814 365 877 Assyrius:
384 822 499 865 cunctos
510 811 625 865 haerere
637 829 749 865 cruores

73 881 220 943 Romanus,
230 882 386 948 campisque
396 889 474 934 vetat
484 883 642 946 consistere,
653 889 769 934 torrens.

73 946 795 1018 Maiusabhacacie,quamquodsuasaeculalerrent,

74 1017 176 1069 Vulnus
182 1016 392 1084 habentpopulir
404 1019 809 1088 plusestquunrritosalusquc,

72 1085 153 1147 Quod
163 1087 247 1151 perit:
258 1087 284 1136 in
296 1093 383 1137 totum
392 1090 482 1139 mundi
492 1091 689 1156 prosternimur
695 1104 804 1140 aevum.
816 1088 865 1136 did

72 1155 198 1206 Vincitur
208 1151 250 1204 his
260 1154 356 1222 gladiis
368 1157 464 1219 omnis,
474 1172 544 1225 quae
554 1159 664 1219 serviet,
676 1164 761 1208 aetns.

72 1224 201 1274 Proxima
212 1223 275 1290 quid
286 1223 404 1285 suboles,
417 1231 465 1276 out
473 1227 537 1293 quid
548 1241 672 1276 meruere
684 1232 800 1291 nepotes

72 1294 100 1341 ln
112 1306 224 1358 regnum
234 1291 327 1342 nascil
347 1292 442 1343 Pavidi
452 1310 515 1344 nunr
526 1295 659 1362 gessimus
670 1291 762 1343 armai

69 1361 201 1410 ‘l'eximus
213 1365 261 1410 out
270 1359 394 1428 iugulosi
412 1361 498 1412 Alieni
509 1377 599 1429 poeno
608 1362 714 1412 timoris

69 1428 100 1478 ln
111 1435 207 1479 nostra
217 1430 323 1480 cervice
333 1430 419 1479 sedet.
439 1431 505 1480 Post
516 1429 699 1495 praeliunatis
813 1430 863 1479 645

69 1495 99 1547 Si
110 1496 256 1559 dominum,
268 1498 399 1560 Fortuna,
410 1498 503 1559 dabas,
515 1504 543 1548 et
552 1498 624 1549 bella
634 1499 763 1550 dedisses.

121 1566 178 1615 lanr
188 1566 218 1616 Μ
273 1582 305 1616 us
315 1566 445 1617 transm
455 1566 531 1628 deos,
543 1567 720 1634 Romanaque
731 1567 790 1618 fata

69 1631 199 1684 Senserat
210 1634 237 1683 in
251 1634 318 1684 elix:
337 1640 398 1685 tote
406 1636 452 1684 vix
462 1635 539 1686 clade
551 1642 664 1687 coactus

70 1702 217 1752 Fortunam
229 1702 358 1753 damnare
370 1719 456 1754 suam.
475 1702 558 1755 Stetit
568 1719 585 1754 a
604 1720 669 1773 gere
680 1706 768 1771 carnpi

70 1771 191 1832 Eminus,
202 1770 272 1820 rrnde
284 1785 379 1823 omnes
389 1788 498 1838 sparsas
509 1788 559 1840 per
569 1720 702 1824 Tiressale
712 1789 776 1825 rura
811 1775 861 1823 656

69 1839 230 1905 Adspiceret
240 1839 341 1901 clades,
352 1855 421 1908 quae
431 1840 502 1891 bello
515 1842 642 1893 obstante
652 1843 783 1894 latebant.

67 1909 126 1958 Tot
135 1906 197 1958 telis
208 1922 258 1958 sua
268 1906 327 1958 fata
335 1911 401 1975 peti,
411 1915 456 1960 tot
465 1925 582 1978 corpora
592 1910 662 1972 fusa,

67 1977 105 2025 Ac
115 1981 213 2027 setam
223 1977 308 2027 multo
320 1983 478 2043 pereuntem
489 1981 619 2047 sanguine
630 1980 706 2030 vidit.

68 2044 135 2105 Nec,
146 2045 218 2094 sicut
228 2059 287 2095 rnos
299 2052 343 2096 cst
354 2047 468 2109 miseris,
480 2045 592 2099 tralrero
603 2048 695 2098 omnio
705 2060 798 2098 secum

67 2113 159 2162 Morsu
169 2113 253 2175 iuvat,
263 2118 413 2182 gentesque
426 2129 491 2166 suec
503 2118 619 2166 miscere
630 2117 737 2165 ruinae:
809 2115 859 2164 655

68 2182 104 2231 Ut
114 2181 213 2231 Latino
224 2189 287 2248 post
296 2198 326 2232 se
337 2184 411 2233 vivat
421 2198 484 2249 pars
494 2185 614 2234 maxima
622 2183 728 2245 turbue,

66 2248 201 2301 Sustinuit
210 2250 307 2318 dignos
318 2252 401 2302 etiam
412 2266 483 2302 nune
494 2251 607 2302 credere
617 2253 689 2301 votis

66 2318 228 2380 Coelicolas,
237 2320 375 2386 volvitque
386 2320 428 2370 sui
438 2319 538 2370 solatia
547 2334 640 2370 casus:

66 2386 190 2449 Parcite,
202 2388 249 2450 eit,
260 2387 358 2453 superi,
369 2397 478 2439 cunctae
486 2396 657 2453 prosternere
663 2395 775 2454 gentes:

64 2456 164 2506 Stante
167 2457 369 2520 potestmundo,
378 2455 515 2522 Romaque
521 2456 673 2522 superstite,
681 2455 798 2523 Magnus
809 2455 858 2505 666

65 2521 136 2573 Esse
147 2523 233 2575 mirer.
254 2524 372 2590 ciprum
383 2525 478 2576 iuvant
490 2541 548 2577 meu
559 2528 679 2586 vulnero,
689 2523 789 2575 coniux

65 2591 117 2642 Est
129 2591 203 2652 midi,
215 2602 278 2645 sant
286 2593 347 2645 nati
354 2611 365 2652 ,·
383 2593 505 2644 dedimus
513 2604 553 2646 tot
561 2594 680 2661 pignora
687 2591 770 2663 fatis.

66 2659 181 2711 Civiline
189 2675 288 2726 parum
300 2671 339 2712 eet
351 2661 424 2723 dello,
436 2662 561 2731 timeque
573 2679 692 2729 meosque

64 2726 186 2779 obruis?
204 2728 319 2794 exiguae
330 2731 417 2780 clades
428 2746 526 2794 eremus,
539 2732 601 2783 orde
613 2731 734 2784 remoto?
