1980 3074
139 226 156 278 0
309 228 347 278 Μ.
383 227 482 280 ΛΝΝ.
519 228 699 280 Lucani

80 347 130 397 110
140 345 300 407 Effundam,
312 353 418 409 tumeo,
429 362 483 398 non
490 346 641 408 frondibus,
648 347 876 414 efficitumbram

138 414 176 466 Et
186 415 306 481 quamvis
319 416 404 480 primo
415 422 493 467 nutet
503 430 601 466 casura
609 415 658 466 sub
669 416 754 477 Euro,

129 483 197 539 'Tot
206 483 308 533 circum
318 483 402 535 silvae
409 485 488 535 firmo
499 499 529 535 se
539 484 640 535 robore
651 483 758 545 tollant,

141 549 205 602 Sola
216 557 308 603 tamen
319 553 425 604 colitur.
462 551 517 604 Sed
526 567 581 603 non
588 554 616 603 in
628 554 745 604 Caesare
754 558 861 604 tantum

139 618 245 670 Nomen
256 626 325 683 erat,
335 635 387 672 nec
396 620 471 672 fama
481 621 570 672 ducis:
582 621 629 671 sed
641 622 735 671 nescia
743 622 830 672 vatus

77 688 130 739 145
141 687 220 740 Stare
229 688 303 739 ioco:
314 689 441 757 solusque
454 690 550 757 pudor,
561 705 616 739 non
626 691 734 739 vincere
745 688 825 741 bello.

140 759 209 808 Acer
220 758 418 823 etindomitus3
431 775 484 826 quo
497 773 682 825 spes‚quoque
690 758 875 821 iravocnsset,

138 825 222 878 Ferre
240 840 365 889 manum,
386 834 416 878 et
424 842 570 894 numquam
585 826 744 877 temerando
761 841 874 892 parcere

610 894 698 945 ferros

140 961 288 1014 Successus
297 978 396 1030 urgere
406 979 479 1024 suos,
491 964 593 1014 instem
603 962 691 1014 invon'

138 1029 273 1082 Numinis:
284 1031 425 1098 impellens
435 1031 564 1098 quidquid
575 1031 634 1093 sibi,
645 1047 751 1083 summa
761 1037 874 1098 petenti,

80 1101 128 1150 150
140 1100 279 1162 Obstaret,
288 1099 463 1167 gandensque
472 1102 544 1150 riam
555 1099 654 1151 iecisse
663 1102 749 1151 ruina

139 1168 262 1230 Qualiter
272 1183 429 1234 expressum
440 1171 528 1221 ventis
538 1184 587 1234 por
597 1168 688 1220 nubila
699 1168 799 1220 fulmen

138 1236 261 1289 Aetheris
273 1237 382 1302 impulsi
392 1239 491 1300 sonitu,
503 1238 648 1304 mundique
659 1236 768 1304 fragore

137 1307 265 1369 Emicuit,
275 1307 400 1373 rupitque
411 1306 491 1367 diem,
504 1306 673 1374 populosque
683 1309 806 1373 parentis

140 1377 265 1438 Terruit,
276 1375 386 1442 obliqua
395 1377 597 1442 praestringens
608 1375 710 1425 lumina
719 1373 837 1436 flamma,

78 1445 166 1495 155112
179 1460 229 1496 sua
237 1444 340 1510 templa
350 1442 428 1494 furit:
439 1444 566 1511 nullaque
576 1445 651 1494 exire
667 1449 775 1493 vetante

136 1516 262 1577 Materia,
273 1528 453 1581 magnamque
465 1513 579 1575 cadens,
590 1527 770 1579 magnamque
781 1527 871 1562 rerer-

608 1591 668 1632 tens

138 1651 192 1700 Dat
204 1658 323 1717 stragem
332 1650 396 1711 late,
406 1664 571 1716 sparsosque
581 1650 716 1715 recolligit
726 1652 811 1767 ignes.

188 1719 250 1768 Hae
271 1717 384 1768 ducibus
405 1731 518 1768 caussae
534 1717 675 1834 suberan?
701 1732 731 1768 se
764 1717 873 1783 publica

610 1785 670 1835 hoii

138 1854 255 1916 Semina,
268 1868 337 1922 quae
347 1853 462 1919 populos
473 1869 580 1919 semper
590 1868 709 1904 mersere
719 1862 853 1920 potentes.

78 1923 127 1972 160
136 1923 260 1990 Namque
270 1929 301 1973 ui
313 1937 379 1988 opes
390 1920 491 1972 mundo
501 1923 597 1973 nimias
608 1921 719 1973 fortuna
730 1924 845 1975 subacto

137 1992 231 2043 intulit
242 1997 270 2043 et
279 1990 360 2042 rebus
371 2005 462 2042 mores
474 2005 580 2042 cessere
592 1991 727 2053 secundis,

138 2059 298 2127 Praedaque
310 2066 338 2111 et
349 2059 460 2110 hostiles
470 2060 562 2110 luxum
571 2075 683 2112 suasere
692 2062 816 2127 rapinae:

137 2129 199 2182 Non
210 2143 286 2190 auro,
297 2131 432 2196 tectisque
441 2129 550 2181 modus:
564 2144 725 2197 mensesque
735 2131 840 2196 priores

136 2202 289 2265 Aspernata
298 2197 397 2250 sameas
409 2197 506 2261 cultus,
517 2205 626 2267 gestare
639 2198 755 2251 deseres

77 2269 127 2319 105
138 2268 191 2320 Vix
202 2267 322 2331 nuribus,
335 2282 451 2335 rapuere
462 2283 563 2319 mares:
573 2267 710 2320 foecunda
719 2270 838 2318 virorum

136 2338 287 2405 Paupertas
297 2335 412 2406 fugitum
425 2343 540 2406 totoque
549 2339 699 2390 accersitur
708 2337 784 2396 orbe,

138 2409 198 2469 Quo
209 2422 277 2475 gens
289 2422 411 2475 quaeque
417 2409 495 2474 perit
508 2404 849 2474 'i'umiongosiungereiim

123 2522 124 2527 ,
135 2479 277 2545 Agrorum,
290 2483 319 2527 et
330 2477 466 2544 quondam
475 2475 545 2526 duro
554 2476 661 2526 sulcata
672 2472 775 2524 camini

137 2547 264 2608 Vomere,
275 2551 304 2597 et
314 2547 440 2612 antiquos
452 2546 594 2595 Curiorum
606 2556 688 2609 passa
697 2541 801 2607 ligones

77 2617 125 2666 110
135 2617 234 2683 Longa
244 2614 293 2666 sub
304 2616 405 2682 ignotis
416 2613 564 2665 extendere
575 2627 640 2663 rura
651 2610 762 2661 colonis.

135 2684 197 2735 Non
207 2690 267 2734 erat
275 2684 299 2734 is
310 2683 435 2749 populus,
447 2695 526 2748 quem
536 2695 591 2748 pax
599 2678 745 2747 tranquilia
754 2680 822 2728 iuva'

135 2754 222 2815 Quem
232 2767 281 2802 sua
291 2751 403 2802 libertas
414 2752 534 2800 immotis
544 2757 670 2816 pasceret
680 2750 769 2798 armis.
