1980 3074
148 227 165 276 4
332 225 369 274 Μ.
405 223 505 275 ᾸΝΝ.
541 224 717 276 Lucani

148 342 207 394 Nec
218 358 247 393 se
259 342 347 392 Roma
358 342 457 392 ferens.
472 340 526 404 Sic,
539 358 630 409 quum,
641 358 774 410 compage
785 345 886 407 soluta,

150 410 266 462 Saecula
275 417 319 462 tot
328 409 421 461 muudi
431 425 558 477 suprema
570 412 692 478 coegerit
702 409 779 474 hora,

149 481 294 546 Antiquum
304 484 430 546 repetent
439 480 539 530 iterum
551 477 635 530 cbaos
645 481 749 544 omnia3
764 482 858 533 mixtis

108 550 139 598 ib
150 548 246 599 Sidera
257 547 390 599 sideribus
403 555 579 600 concurrent:
589 550 672 616 ignea
681 555 795 615 pontum

149 620 230 668 astra
239 623 346 683 petent:
356 615 437 668 tellus
448 616 596 668 extendere
606 617 689 668 litora
697 618 781 679 nolet,

147 687 330 753 Excutietque
342 685 455 737 fretum:
466 684 544 735 fratri
555 688 695 737 contraria
703 683 816 738 Phoebe

205 754 268 817 Ibit,
280 762 316 816 et,
329 755 466 822 obliquum
475 753 553 822 bigas
565 755 669 821 agitare
680 770 729 820 per
740 755 833 806 orbem

148 823 207 874 ludi
245 828 299 885 ata,
312 823 383 874 diem
393 828 490 889 poscet
501 822 565 873 sibi:
576 829 690 890 totaque
701 823 805 875 discors

105 894 137 940 80
148 893 212 943 Mac
232 894 278 942 ’na
287 891 384 943 divulsi
393 890 514 942 turbabit
524 890 638 943 foedera
648 892 748 942 mundi.

147 962 178 1013 ln
189 976 219 1012 se
230 975 330 1028 magna
338 965 433 1010 ruunt:
444 959 524 1010 laetis
535 958 607 1011 huuc
618 962 729 1011 numina
737 960 819 1012 rebus

150 1029 295 1081 Crescendi
308 1042 424 1095 posuere
435 1027 559 1092 modum;
571 1044 622 1080 uec
634 1030 760 1097 gentibus
771 1030 832 1081 ullis

151 1098 313 1150 Cornmodat
328 1099 356 1147 in
372 1096 516 1164 populum,
535 1103 626 1149 terrae
638 1098 780 1166 pelagique
792 1108 890 1165 poten·

623 1172 688 1230 tem,

151 1237 282 1286 invidiam
294 1237 417 1286 Fortuna
427 1250 512 1288 suam.
549 1236 593 1285 'l'u
603 1251 702 1287 caussa
711 1237 855 1298 malomrm,

109 1306 141 1355 85
153 1307 239 1357 Facta
251 1305 339 1356 tribus
351 1304 466 1355 dominis
478 1304 642 1367 communis,
652 1305 754 1366 Roma,
770 1319 820 1356 nec
832 1322 891 1357 uur-

643 1388 704 1424 uam
808 1407 810 1411 -

152 1444 181 1493 ln
192 1442 299 1493 turbam
309 1444 384 1495 missi
395 1440 492 1495 leralia
501 1441 615 1495 foedera
625 1390 710 1511 logni.

152 1513 175 1562 0
187 1512 257 1562 male
269 1512 420 1564 concordes
432 1514 567 1580 nimiaque
579 1512 704 1578 cupidine
715 1513 800 1574 caeci,

153 1581 224 1640 Quid
234 1583 349 1632 miscere
357 1583 433 1632 iuvat
442 1583 522 1643 vires,
534 1580 681 1648 orbemque
692 1587 787 1632 tenere

151 1651 181 1699 ln
193 1647 301 1699 mediol
320 1649 392 1698 Dum
403 1655 479 1700 terra
487 1649 597 1710 fretum,
607 1655 763 1716 terramque
771 1648 877 1701 levabit

108 1718 141 1767 90
153 1721 215 1779 Aer,
227 1723 254 1767 et
266 1717 340 1784 longi
349 1717 460 1768 volvent
470 1718 571 1767 rlitauo
581 1716 698 1781 labores,

151 1785 266 1853 Noxque
277 1785 348 1836 diem
360 1785 438 1837 coelo
448 1785 563 1837 totidem
574 1801 623 1852 per
633 1787 712 1854 signa
721 1794 861 1853 sequetur.
872 1812 880 1820 12

153 1855 232 1908 Nulla
241 1855 309 1905 fides
319 1855 397 1922 regni
407 1856 498 1918 sociis,
509 1856 649 1922 omnisque
661 1861 784 1922 potestas

152 1925 298 1990 impatiens
310 1924 445 1975 consortis
456 1925 516 1975 erit.
552 1923 610 1974 Nec
620 1923 746 1991 gentibus
755 1923 815 1974 ullis

152 1993 269 2054 Credite,
280 2007 332 2042 nec
342 1993 422 2061 longe
433 1991 552 2044 latorum
564 1994 689 2060 exempla
700 1997 836 2061 petantur.

108 2065 141 2114 ‘lb
152 2065 285 2114 Fraterno
296 2061 375 2128 primi
384 2061 547 2112 maduerunt
557 2063 688 2130 sanguine
697 2063 774 2112 muri.

152 2131 209 2184 Nec
220 2131 337 2197 pretium
347 2132 416 2181 tanti
427 2130 506 2182 tellus
517 2137 669 2198 pontumque
679 2130 779 2182 luroris

152 2203 231 2252 'lunc
242 2206 314 2251 erat:
327 2201 454 2268 exiguum
465 2200 590 2252 dominos
600 2203 736 2252 commisit
747 2198 861 2265 asylum.
924 2198 926 2203 '

204 2271 350 2337 Temporis
362 2271 469 2339 angusti
479 2272 578 2323 mansit
590 2271 739 2322 concordia
749 2269 868 2331 discors;

153 2341 264 2408 Paxque
275 2338 327 2391 tuit
336 2356 391 2390 nou
402 2346 499 2407 sponte
511 2340 618 2392 ducum.
655 2338 724 2390 Nam
735 2337 794 2388 sola
804 2335 888 2388 luituri

93 2413 142 2460 loo
154 2411 267 2460 Crassus
280 2415 340 2460 erat
348 2409 412 2460 belli
422 2410 527 2460 medius
537 2424 622 2460 mora.
643 2407 774 2470 Qualiter,
785 2405 871 2456 undas

153 2479 460 2546 Quisecatetgeminum
499 2471 888 2543 acilismamseparatlsthmos

151 2547 209 2598 Nec
218 2549 322 2614 patitur
332 2547 457 2598 conferre
478 2552 580 2608 retum,
591 2547 614 2596 si
624 2551 700 2596 terra
710 2543 831 2603 recedat,
907 2591 908 2595 ,

152 2619 256 2667 lonium
266 2618 375 2683 Aegaeo
387 2614 495 2680 franget
505 2630 593 2666 mare:
605 2616 653 2678 sic,
664 2614 718 2676 ubi,
728 2626 811 2663 saeva
894 2630 896 2634 ·

152 2689 235 2735 Arma
245 2685 344 2734 ducum
354 2685 491 2744 dirimens,
502 2684 657 2735 miserando
668 2683 764 2734 funere
775 2682 887 2732 Crassus

95 2755 140 2784 μ’
222 2754 280 2804 rias
290 2752 373 2804 Latio
383 2751 530 2803 macularit
540 2755 670 2822 sanguine
683 2754 790 2814 Carras,
