1980 3074
204 160 256 214 150
377 160 415 211 Μ.
452 155 549 209 ANN.
587 155 764 208 ouem

209 280 297 339 Vivat,
307 284 344 338 et,
356 283 387 326 ut
397 276 475 326 Bruti
488 274 650 340 procumbat
660 274 778 334 victima,
791 282 897 340 regnet.

257 345 311 395 Hie
328 344 432 410 patriae
448 345 522 409 perit
537 356 616 392 omne
633 340 730 391 decue:
749 342 823 392 iaeet
838 357 943 409 aggere

677 425 702 459 m
759 422 775 459 o

207 481 357 532 Patricium
366 479 470 546 eampis
480 492 534 527 non
544 479 630 527 mixta
640 423 858 544 plebffamver.

206 551 284 601 Mors
293 555 386 600 tameo
396 547 508 597 eminuit
518 545 655 596 derorum
664 546 693 596 in
703 552 795 614 strage
803 547 927 598 virorum

147 617 200 669 000
209 619 345 685 Pugnacis
354 615 472 678 Domiti3
483 628 563 682 quem
575 613 666 664 eisdes
676 611 735 664 iata
743 628 794 680 per
804 628 900 666 omues

207 685 360 738 Dueebant.
385 683 524 750 Nusquam
533 682 627 750 Magni
637 682 887 743 Fortunesineillo

209 753 371 806 Sueeubuite
389 754 477 802 vietus
489 751 573 801 toties
584 765 602 800 a
612 751 739 813 Caesare,
752 750 829 803 seira

209 821 351 873 Libertate
361 823 446 888 perit:
465 826 530 870 tuoe
541 819 613 869 mille
623 819 651 869 in
662 819 774 870 vulnera
783 820 872 871 iaettrs

208 890 333 952 Labitur,
342 904 376 940 ao
386 889 465 939 venia
474 887 577 955 gaudet
587 887 708 939 caruisse
717 887 846 939 secunde.

100 1016 103 1023 ,
148 957 199 1007 005
210 957 326 1012 Viderat
335 959 363 1008 in
375 971 468 1008 crasso
478 956 628 1007 solventem
639 957 771 1024 sanguine
781 957 906 1009 membra

211 1029 320 1089 Caesar,
330 1032 359 1076 et
367 1026 548 1092 increpitans3
566 1025 624 1076 iem
637 1024 736 1092 Magni
746 1025 845 1077 deteris
854 1043 944 1081 semo.

211 1097 352 1149 sacceum
359 1092 484 1154 Domiti,·
501 1094 557 1145 eine
567 1093 658 1144 teiam
668 1093 736 1144 bello
744 1105 891 1162 geruntur.

212 1165 337 1215 Dixerat:
357 1169 401 1215 aet
409 1162 448 1213 iili
457 1161 567 1213 suffecit
575 1170 691 1229 pectore
700 1163 810 1228 pulsans

210 1232 326 1301 Spiritus
336 1233 364 1283 iu
375 1247 482 1294 vocem,
492 1231 691 1298 morientiaque
702 1245 753 1280 ora
760 1232 884 1284 resolvit.

148 1301 200 1352 010
214 1303 272 1355 Non
282 1311 309 1353 te
335 1311 429 1354 onesta
440 1303 568 1351 sceleroso
578 1301 697 1350 mercede
703 1301 834 1366 potitum,

209 1371 288 1423 aeda
321 1370 376 1421 item
384 1369 455 1440 sati,
467 1366 579 1430 Caesar,
588 1384 742 1436 genereque
752 1368 881 1421 nrisorem

209 1439 376 1506 Adepieiem,
386 1439 497 1507 Stygiae
507 1436 611 1506 Magno
622 1437 687 1487 dure
697 1436 765 1488 iiber
776 1438 814 1487 ad
822 1438 929 1489 umbrae

208 1507 250 1560 Et
259 1523 368 1559 secures
378 1525 425 1559 eo:
443 1516 469 1557 te
478 1522 556 1557 eeeeo
569 1504 662 1556 Morte
671 1505 821 1566 subactum,

211 1575 389 1643 Pompeioque
396 1591 496 1644 greeee
503 1590 605 1640 poenes
615 1574 741 1641 nobisque
751 1575 891 1637 daturum,

148 1643 199 1693 015
213 1643 279 1694 Cum
290 1643 399 1704 morior,
410 1659 520 1710 sperare
531 1643 602 1693 iicet.
620 1642 681 1695 Non
693 1643 772 1709 plura
780 1643 904 1695 loentum

211 1713 276 1764 Vita
284 1711 364 1780 fugit,
375 1713 529 1778 densaeque
540 1711 636 1763 oculos
646 1725 773 1778 pressere
783 1712 926 1765 tenebrae.

260 1780 426 1847 impendisse
436 1779 522 1847 pudet
530 1779 667 1846 lacrymas
676 1782 703 1830 in
715 1780 810 1834 funere
821 1783 915 1833 mundi

209 1848 345 1900 Mortibus
354 1849 510 1910 innumeris,
521 1863 555 1899 ao
568 1849 675 1931 singule
683 1848 743 1900 iata
752 1857 913 1917 sequentem

211 1917 358 1979 Quaerere,
370 1915 505 1968 letiferum
516 1931 565 1983 per
576 1933 653 1969 eurus
663 1919 770 1968 viscere
777 1919 876 1971 vuinus

149 1984 200 2034 020
211 1986 330 2050 Exierit3
349 1987 409 2053 quis
419 1984 481 2036 iuse
491 1986 551 2037 solo
561 1986 656 2037 uitalia
666 1987 767 2051 eaieet;

211 2055 265 2105 Ore
295 2056 337 2106 uis
347 2054 472 2118 adverso,
484 2054 601 2106 demisso
613 2054 737 2106 ioueibus
748 2071 822 2117 ense,

211 2070 353 2190 Expffierit
361 2125 480 2174 moriens
491 2125 622 2189 unimam3
641 2126 700 2192 quis
713 2132 824 2175 corruat
832 2125 901 2188 ietu,

212 2191 277 2252 Quis
287 2193 405 2256 steterit,
421 2193 484 2243 dum
496 2193 617 2243 membra
627 2194 741 2243 cadunt:
760 2194 820 2260 quis
830 2200 946 2259 pectore

680 2262 734 2311 teia

210 2329 399 2393 Transmittat,
409 2330 451 2380 vei
462 2346 529 2396 quos
540 2331 642 2397 eampis
653 2331 771 2381 affixerit
780 2327 875 2382 besta:

148 2394 198 2447 025
213 2397 278 2458 Quis
288 2413 370 2448 cruor
379 2399 485 2450 emissis
496 2399 652 2466 perruperit
662 2414 728 2450 aera
737 2400 822 2461 venis,

208 2467 291 2532 inque
301 2462 389 2517 bostis
400 2467 481 2517 cadat
495 2482 572 2517 armo
581 2469 635 2518 sui:
654 2469 713 2535 quis
723 2473 840 2534 peetora
848 2467 946 2521 fratris

209 2534 325 2597 Cuedot,
337 2542 379 2598 et,
390 2541 421 2586 ut
433 2543 526 2586 notum
538 2537 625 2602 possit
636 2537 754 2603 spoliare.
764 2537 893 2587 cadaver.

207 2601 347 2653 Abscisum
356 2603 438 2672 louge
448 2605 539 2654 mittat
550 2612 645 2670 eaput:
665 2621 715 2656 sira
724 2606 847 2671 parentis

207 2670 273 2731 Quis
283 2670 396 2735 laceret,
405 2673 540 2739 nimiaque
551 2673 650 2738 probet
660 2674 846 2741 spectantibus
857 2675 911 2738 ire,
