1980 3074
215 145 266 197 190
388 140 777 194 n.ns'1i.hucn1ir

157 265 208 316 wo
218 263 344 314 Auferret
354 263 468 322 moeres,
479 275 547 311 saxo
560 263 721 327 compressit
733 275 859 310 arenam:

217 332 361 398 Nautaque
371 345 404 379 ne
413 328 522 379 bustum
533 329 648 396 religato
659 328 723 379 inne
733 336 869 391 moveret,

218 398 359 466 Inscripsit
369 413 476 449 sacrum
487 399 618 448 semiusto
629 398 722 463 stipite
733 411 850 447 nomen:

218 469 284 520 ilic
304 480 406 518 sirus
425 479 493 517 cer
511 478 659 516 suasus.
687 462 940 527 Placetlroc,For·

646 540 722 596 tuna,
733 532 911 600 sepulchrum

216 606 316 658 Dicere
328 605 459 671 Pompeii,
471 618 524 671 quo
535 601 616 654 condi
628 603 723 653 munit
732 602 817 663 illum,

155 675 207 728 trs
220 676 307 737 Quam
319 680 393 724 terra
404 673 523 723 caruisse
534 669 630 723 soceri
646 672 808 723 Temeraria
819 672 930 737 dextra,

217 745 271 795 cur
280 742 366 794 obicis
377 743 480 809 Magno
491 740 633 802 tumulum,
644 755 792 808 manesque
803 751 940 810 vagantes

216 810 350 864 includisl
368 808 442 861 Situs
456 816 507 871 est,
517 824 571 876 qua
581 817 656 859 terra
665 815 790 860 extrema
799 809 895 863 refuso

216 881 322 932 Pendet
330 880 358 929 in
368 879 488 930 Oceano.
515 878 667 928 Romamm
677 892 776 929 nomen
789 884 817 929 et
828 894 911 931 omne

216 949 361 1014 lmperium
369 948 471 1014 Magno
482 954 525 997 est
534 945 630 997 tumuli
640 947 746 997 modus.
765 947 861 999 Obrue
870 964 940 1002 saxa

155 1018 206 1070 800
217 1017 334 1070 Crimine
345 1016 425 1082 plena
436 1015 524 1066 deum.
544 1013 572 1065 Si
583 1019 644 1065 tota
654 1022 697 1066 est
707 1015 836 1067 Herculis
848 1018 929 1080 Oete,

215 1087 253 1138 Et
263 1086 327 1167 iuga
337 1090 397 1134 tota
407 1090 506 1134 vacant
515 1084 627 1134 Bromio
637 1083 754 1150 Nyseia3
776 1099 862 1152 quere

216 1156 290 1207 Unus
300 1170 327 1205 nr
338 1155 463 1221 Aegypto
475 1154 505 1203 M
561 1167 577 1203 o
588 1151 673 1219 lapisl
693 1153 792 1204 Omnia
802 1154 874 1223 Lagi

215 1226 287 1275 Arva
295 1228 388 1274 tenere
401 1227 500 1288 potest·
538 1222 547 1271 i
559 1220 632 1271 nullo
644 1223 747 1288 cespite
757 1237 858 1274 nomen

217 1293 353 1354 llaeserit,
365 1305 485 1342 erremus
496 1290 598 1357 populi,
610 1291 785 1358 cinerumque
795 1295 918 1355 tuorum,

155 1360 205 1411 805
218 1363 326 1429 Magne,
338 1365 412 1410 metu
423 1358 510 1410 nullas
521 1358 575 1408 Nili
586 1357 722 1410 calcemus
733 1374 840 1411 arenas.

217 1431 296 1491 Quod
307 1431 329 1480 si
340 1435 396 1479 tam
409 1442 488 1479 sacro
500 1427 619 1494 dignaris
630 1428 738 1478 contine
749 1441 860 1478 saxum:

214 1495 930 1564 Addeuctustantos,monimentaquemaximarerum

214 1567 290 1618 Adde
301 1573 392 1617 truces
402 1564 499 1631 Lepidi
511 1569 611 1627 motus,
623 1564 771 1632 Alpinaque
782 1564 865 1628 bellu,

214 1638 349 1701 Annaque
361 1632 476 1696 Sertori,
487 1638 617 1684 revocato
630 1633 749 1696 consule,
761 1634 847 1697 ricta,

154 1704 206 1753 elo
216 1706 253 1755 Et
264 1718 367 1764 currus,
379 1717 446 1769 quos
455 1704 511 1769 egit
522 1715 617 1769 eques:
637 1703 802 1753 commercia
810 1708 874 1755 tuta

216 1770 358 1832 (lentibus,
370 1777 398 1820 et
409 1770 521 1835 pusidos
530 1769 627 1821 Cilicas
641 1773 733 1822 maris.
764 1771 841 1823 nude
855 1774 926 1825 suba

686 1846 759 1890 ctam

215 1906 383 1968 Barbariem,
413 1912 543 1973 cutesque
553 1922 638 1974 vagus
644 1914 687 1970 ,et
698 1908 828 1977 quidquid
837 1911 867 1961 iu
877 1912 952 1963 Euro

214 1977 378 2045 Regnorum,
389 1923 621 2042 {orsaqueiacee
638 1976 858 2044 Dic,semperab
869 1983 952 2033 umis

215 2044 324 2097 Civilem
335 2045 467 2111 repetisse
479 2051 585 2113 togam:
606 2050 650 2095 ter
660 2045 783 2097 curribus
795 2048 868 2100 sotis

153 2114 203 2168 815
216 2115 377 2167 Contentum
408 2115 494 2165 striae
507 2112 606 2164 multos
616 2113 733 2167 donasse
743 2114 908 2183 triumphos.

215 2184 281 2246 Quis
298 2184 372 2250 capit
388 2129 458 2233 Raec
475 2179 610 2233 tumulus?
642 2181 736 2304 Suggit
751 2185 909 2239 miserabile

705 2260 794 2304 usurm

212 2319 273 2373 Non
285 2319 346 2372 ullls
357 2321 465 2389 plenum
477 2320 571 2380 titulis,
580 2335 633 2370 non
645 2321 739 2372 ordine
750 2329 830 2375 tanto

212 2390 372 2442 Fastorum:
390 2389 553 2455 solitumque
563 2389 617 2456 legi
627 2405 710 2509 super
720 2390 776 2442 ulta
787 2391 904 2447 deorum

213 2457 345 2521 culmino,
363 2463 392 2509 et
403 2463 543 2508 extructos
554 2457 647 2524 spoliis
678 2458 804 2511 ostilibus
817 2476 910 2528 arcus,

151 2524 202 2580 82⁰
215 2526 295 2578 llantl
305 2526 401 2593 procul
414 2531 456 2577 est
466 2526 522 2576 ima
532 2525 656 2592 Pompeii
668 2542 766 2580 nomen
777 2543 875 2596 mena,

210 2594 377 2662 Depressum
383 2594 497 2655 tumulo,
508 2594 641 2660 quodnon
647 2595 722 2664 legat
732 2596 840 2651 advena
849 2608 954 2665 rectus,

212 2663 353 2725 Quodnisi
365 2667 543 2714 monstratum
556 2663 694 2715 Romanus
705 2671 831 2719 transeut
840 2666 954 2739 hospes.
