<?xml version="1.0" encoding="UTF-8"?>
<!DOCTYPE html PUBLIC "-//W3C//DTD XHTML 1.0 Transitional//EN"
    "http://www.w3.org/TR/xhtml1/DTD/xhtml1-transitional.dtd">
<html xmlns="http://www.w3.org/1999/xhtml" xml:lang="en" lang="en">
 <head>
  <title>
</title>
<meta http-equiv="Content-Type" content="text/html;charset=utf-8" />
  <meta name='ocr-system' content='tesseract 3.04.00' />
  <meta name='ocr-capabilities' content='ocr_page ocr_carea ocr_par ocr_line ocrx_word'/>
</head>
<body>
  <div class='ocr_page' id='page_1' title='image "./pharsaliacumind00lucagoog_0052.png"; bbox 0 0 1980 3074; ppageno 0'>
   <div class='ocr_carea' id='block_1_1' title="bbox 224 211 835 272">
    <p class='ocr_par' dir='ltr' id='par_1_1' title="bbox 224 211 835 272">
     <span class='ocr_line' id='line_1_1' title="bbox 224 211 835 272; baseline 0.018 -10"><span class='ocrx_word' id='word_1_1' title='bbox 224 211 713 268; x_wconf 71' lang='lat' dir='ltr'><em>i¹t{.tRSAL1.i.Liss.tii.</em></span> <span class='ocrx_word' id='word_1_2' title='bbox 800 219 835 272; x_wconf 71' lang='grc'><em>45</em></span> 
     </span>
    </p>
   </div>
   <div class='ocr_carea' id='block_1_2' title="bbox 96 330 928 2804">
    <p class='ocr_par' dir='ltr' id='par_1_2' title="bbox 103 330 730 399">
     <span class='ocr_line' id='line_1_2' title="bbox 103 330 730 399; baseline 0.006 -17"><span class='ocrx_word' id='word_1_3' title='bbox 103 330 212 382; x_wconf 81' lang='lat' dir='ltr'><em>Sedibus</em></span> <span class='ocrx_word' id='word_1_4' title='bbox 222 331 334 398; x_wconf 77' lang='lat' dir='ltr'><em>Elysiis,</em></span> <span class='ocrx_word' id='word_1_5' title='bbox 345 347 490 397; x_wconf 77' lang='lat' dir='ltr'><em>campoque</em></span> <span class='ocrx_word' id='word_1_6' title='bbox 501 334 612 398; x_wconf 76' lang='lat' dir='ltr'><em>expulsa</em></span> <span class='ocrx_word' id='word_1_7' title='bbox 621 332 730 399; x_wconf 80' lang='lat' dir='ltr'><em>piorum</em></span> 
     </span>
    </p>

    <p class='ocr_par' dir='ltr' id='par_1_3' title="bbox 101 398 805 468">
     <span class='ocr_line' id='line_1_3' title="bbox 101 398 805 468; baseline 0.004 -15"><span class='ocrx_word' id='word_1_8' title='bbox 101 402 145 453; x_wconf 74' lang='lat' dir='ltr'><em>Ad</em></span> <span class='ocrx_word' id='word_1_9' title='bbox 158 399 278 468; x_wconf 58' lang='lat' dir='ltr'><em>Stygias,</em></span> <span class='ocrx_word' id='word_1_10' title='bbox 289 402 385 468; x_wconf 89' lang='lat' dir='ltr'><em>inquit,</em></span> <span class='ocrx_word' id='word_1_11' title='bbox 396 398 518 451; x_wconf 79' lang='lat' dir='ltr'><em>tenebrae</em></span> <span class='ocrx_word' id='word_1_12' title='bbox 528 415 669 468; x_wconf 83' lang='lat' dir='ltr'><em>manetque</em></span> <span class='ocrx_word' id='word_1_13' title='bbox 679 413 805 457; x_wconf 77' lang='lat' dir='ltr'><em>nocenter</em></span> 
     </span>
    </p>

    <p class='ocr_par' dir='ltr' id='par_1_4' title="bbox 100 465 769 535">
     <span class='ocr_line' id='line_1_4' title="bbox 100 465 769 535; baseline 0 -13"><span class='ocrx_word' id='word_1_14' title='bbox 100 470 166 522; x_wconf 82' lang='lat' dir='ltr'><em>Post</em></span> <span class='ocrx_word' id='word_1_15' title='bbox 177 469 271 519; x_wconf 82' lang='lat' dir='ltr'><em>betium</em></span> <span class='ocrx_word' id='word_1_16' title='bbox 283 469 359 519; x_wconf 86' lang='lat' dir='ltr'><em>aioite</em></span> <span class='ocrx_word' id='word_1_17' title='bbox 370 467 473 519; x_wconf 75' lang='lat' dir='ltr'><em>trador.</em></span> <span class='ocrx_word' id='word_1_18' title='bbox 508 465 570 519; x_wconf 83' lang='lat' dir='ltr'><em>Vidi</em></span> <span class='ocrx_word' id='word_1_19' title='bbox 578 467 638 535; x_wconf 83' lang='lat' dir='ltr'><em>ipso</em></span> <span class='ocrx_word' id='word_1_20' title='bbox 651 480 769 524; x_wconf 80' lang='lat' dir='ltr'><em>tenentes</em></span> 
     </span>
    </p>

    <p class='ocr_par' dir='ltr' id='par_1_5' title="bbox 100 535 893 604">
     <span class='ocr_line' id='line_1_5' title="bbox 100 535 893 604; baseline 0.005 -12"><span class='ocrx_word' id='word_1_21' title='bbox 100 535 840 604; x_wconf 78' lang='lat' dir='ltr'><em>Eumenidas,quaterentquaroestririampadararmit</em></span> <span class='ocrx_word' id='word_1_22' title='bbox 860 543 893 596; x_wconf 71' lang='lat'><em>15</em></span> 
     </span>
    </p>

    <p class='ocr_par' dir='ltr' id='par_1_6' title="bbox 101 604 808 673">
     <span class='ocr_line' id='line_1_6' title="bbox 101 604 808 673; baseline 0.006 -15"><span class='ocrx_word' id='word_1_23' title='bbox 101 609 258 673; x_wconf 77' lang='lat' dir='ltr'><em>Praeparat</em></span> <span class='ocrx_word' id='word_1_24' title='bbox 269 605 424 658; x_wconf 82' lang='lat' dir='ltr'><em>innumeras</em></span> <span class='ocrx_word' id='word_1_25' title='bbox 433 619 536 672; x_wconf 76' lang='lat' dir='ltr'><em>puppes</em></span> <span class='ocrx_word' id='word_1_26' title='bbox 545 604 704 659; x_wconf 69' lang='lat' dir='ltr'><em>Acherontis</em></span> <span class='ocrx_word' id='word_1_27' title='bbox 715 610 808 662; x_wconf 83' lang='lat' dir='ltr'><em>adnati</em></span> 
     </span>
    </p>

    <p class='ocr_par' dir='ltr' id='par_1_7' title="bbox 100 671 780 744">
     <span class='ocr_line' id='line_1_7' title="bbox 100 671 780 744; baseline 0.006 -18"><span class='ocrx_word' id='word_1_28' title='bbox 100 675 240 726; x_wconf 81' lang='lat' dir='ltr'><em>Portitor.-</em></span> <span class='ocrx_word' id='word_1_29' title='bbox 251 675 279 726; x_wconf 87' lang='lat' dir='ltr'><em>in</em></span> <span class='ocrx_word' id='word_1_30' title='bbox 289 677 387 728; x_wconf 78' lang='lat' dir='ltr'><em>multat</em></span> <span class='ocrx_word' id='word_1_31' title='bbox 396 678 527 727; x_wconf 78' lang='lat' dir='ltr'><em>tonantur</em></span> <span class='ocrx_word' id='word_1_32' title='bbox 542 671 663 727; x_wconf 85' lang='lat' dir='ltr'><em>Tartara</em></span> <span class='ocrx_word' id='word_1_33' title='bbox 670 694 780 744; x_wconf 84' lang='lat' dir='ltr'><em>poenae.</em></span> 
     </span>
    </p>

    <p class='ocr_par' dir='ltr' id='par_1_8' title="bbox 106 743 763 810">
     <span class='ocr_line' id='line_1_8' title="bbox 106 743 763 810; baseline 0.008 -16"><span class='ocrx_word' id='word_1_34' title='bbox 106 744 158 797; x_wconf 81' lang='lat' dir='ltr'><em>Vix</em></span> <span class='ocrx_word' id='word_1_35' title='bbox 169 743 245 810; x_wconf 84' lang='lat' dir='ltr'><em>operi</em></span> <span class='ocrx_word' id='word_1_36' title='bbox 254 744 363 796; x_wconf 76' lang='lat' dir='ltr'><em>innatae</em></span> <span class='ocrx_word' id='word_1_37' title='bbox 375 746 475 796; x_wconf 84' lang='lat' dir='ltr'><em>dextra</em></span> <span class='ocrx_word' id='word_1_38' title='bbox 483 753 650 809; x_wconf 74' lang='lat' dir='ltr'><em>properante</em></span> <span class='ocrx_word' id='word_1_39' title='bbox 658 760 763 799; x_wconf 85' lang='lat' dir='ltr'><em>eororee</em></span> 
     </span>
    </p>

    <p class='ocr_par' dir='ltr' id='par_1_9' title="bbox 101 811 787 879">
     <span class='ocr_line' id='line_1_9' title="bbox 101 811 787 879; baseline 0.001 -15"><span class='ocrx_word' id='word_1_40' title='bbox 101 811 262 879; x_wconf 78' lang='lat' dir='ltr'><em>Sufficiunt:</em></span> <span class='ocrx_word' id='word_1_41' title='bbox 274 816 378 866; x_wconf 82' lang='lat' dir='ltr'><em>lassant</em></span> <span class='ocrx_word' id='word_1_42' title='bbox 388 820 539 876; x_wconf 79' lang='lat' dir='ltr'><em>rumpentes</em></span> <span class='ocrx_word' id='word_1_43' title='bbox 549 811 666 865; x_wconf 80' lang='lat' dir='ltr'><em>stamina</em></span> <span class='ocrx_word' id='word_1_44' title='bbox 676 813 787 868; x_wconf 82' lang='lat' dir='ltr'><em>Pareat.</em></span> 
     </span>
    </p>

    <p class='ocr_par' dir='ltr' id='par_1_10' title="bbox 101 878 891 950">
     <span class='ocr_line' id='line_1_10' title="bbox 101 878 891 950; baseline 0.005 -17"><span class='ocrx_word' id='word_1_45' title='bbox 101 881 223 950; x_wconf 75' lang='lat' dir='ltr'><em>Coniuge</em></span> <span class='ocrx_word' id='word_1_46' title='bbox 234 898 274 932; x_wconf 89' lang='lat' dir='ltr'><em>me</em></span> <span class='ocrx_word' id='word_1_47' title='bbox 285 884 369 933; x_wconf 84' lang='lat' dir='ltr'><em>laetor</em></span> <span class='ocrx_word' id='word_1_48' title='bbox 380 880 494 942; x_wconf 75' lang='lat' dir='ltr'><em>duxisti,</em></span> <span class='ocrx_word' id='word_1_49' title='bbox 505 878 616 948; x_wconf 84' lang='lat' dir='ltr'><em>Magne,</em></span> <span class='ocrx_word' id='word_1_50' title='bbox 630 881 796 950; x_wconf 71' lang='lat' dir='ltr'><em>triumphat:</em></span> <span class='ocrx_word' id='word_1_51' title='bbox 858 889 891 937; x_wconf 80' lang='grc'><em>20</em></span> 
     </span>
    </p>

    <p class='ocr_par' dir='ltr' id='par_1_11' title="bbox 98 949 778 1017">
     <span class='ocr_line' id='line_1_11' title="bbox 98 949 778 1017; baseline 0.004 -15"><span class='ocrx_word' id='word_1_52' title='bbox 98 951 222 1003; x_wconf 77' lang='lat' dir='ltr'><em>Fortuna</em></span> <span class='ocrx_word' id='word_1_53' title='bbox 233 958 273 1001; x_wconf 85' lang='lat' dir='ltr'><em>ert</em></span> <span class='ocrx_word' id='word_1_54' title='bbox 283 960 389 1002; x_wconf 87' lang='lat' dir='ltr'><em>mutata</em></span> <span class='ocrx_word' id='word_1_55' title='bbox 401 949 469 1000; x_wconf 81' lang='lat' dir='ltr'><em>torio</em></span> <span class='ocrx_word' id='word_1_56' title='bbox 477 967 486 999; x_wconf 91' lang='lat'><em>.·</em></span> <span class='ocrx_word' id='word_1_57' title='bbox 495 963 648 1017; x_wconf 78' lang='lat' dir='ltr'><em>temporque</em></span> <span class='ocrx_word' id='word_1_58' title='bbox 654 961 778 1017; x_wconf 81' lang='lat' dir='ltr'><em>potenter</em></span> 
     </span>
    </p>

    <p class='ocr_par' dir='ltr' id='par_1_12' title="bbox 97 1018 748 1139">
     <span class='ocr_line' id='line_1_12' title="bbox 97 1018 748 1139; baseline 0 -68"><span class='ocrx_word' id='word_1_59' title='bbox 97 1019 250 1072; x_wconf 71' lang='lat' dir='ltr'><em>Detrahere</em></span> <span class='ocrx_word' id='word_1_60' title='bbox 260 1019 289 1070; x_wconf 82' lang='lat' dir='ltr'><em>ia</em></span> <span class='ocrx_word' id='word_1_61' title='bbox 300 1019 474 1139; x_wconf 63' lang='lat' dir='ltr'><em>eiadempato</em></span> <span class='ocrx_word' id='word_1_62' title='bbox 486 1018 616 1070; x_wconf 85' lang='lat' dir='ltr'><em>damnata</em></span> <span class='ocrx_word' id='word_1_63' title='bbox 626 1022 748 1084; x_wconf 84' lang='lat' dir='ltr'><em>maritae,</em></span> 
     </span>
    </p>

    <p class='ocr_par' dir='ltr' id='par_1_13' title="bbox 99 1085 680 1156">
     <span class='ocr_line' id='line_1_13' title="bbox 99 1085 680 1156; baseline -0.003 -15"><span class='ocrx_word' id='word_1_64' title='bbox 99 1090 141 1141; x_wconf 75' lang='lat' dir='ltr'><em>tt&#39;n</em></span> <span class='ocrx_word' id='word_1_65' title='bbox 153 1089 246 1156; x_wconf 83' lang='lat' dir='ltr'><em>nupsit</em></span> <span class='ocrx_word' id='word_1_66' title='bbox 258 1088 348 1154; x_wconf 80' lang='lat' dir='ltr'><em>tepido</em></span> <span class='ocrx_word' id='word_1_67' title='bbox 355 1089 404 1156; x_wconf 83' lang='lat' dir='ltr'><em>pet</em></span> <span class='ocrx_word' id='word_1_68' title='bbox 414 1105 449 1141; x_wconf 82' lang='lat' dir='ltr'><em>en</em></span> <span class='ocrx_word' id='word_1_69' title='bbox 461 1085 584 1139; x_wconf 79' lang='lat' dir='ltr'><em>Corneit&#39;a</em></span> <span class='ocrx_word' id='word_1_70' title='bbox 596 1087 680 1141; x_wconf 83' lang='lat' dir='ltr'><em>dueta.</em></span> 
     </span>
    </p>

    <p class='ocr_par' dir='ltr' id='par_1_14' title="bbox 97 1156 787 1227">
     <span class='ocr_line' id='line_1_14' title="bbox 97 1156 787 1227; baseline 0.003 -19"><span class='ocrx_word' id='word_1_71' title='bbox 97 1158 220 1209; x_wconf 83' lang='lat' dir='ltr'><em>Haereat</em></span> <span class='ocrx_word' id='word_1_72' title='bbox 230 1157 278 1208; x_wconf 85' lang='lat' dir='ltr'><em>ilia</em></span> <span class='ocrx_word' id='word_1_73' title='bbox 290 1157 344 1208; x_wconf 81' lang='lat' dir='ltr'><em>tuis</em></span> <span class='ocrx_word' id='word_1_74' title='bbox 352 1173 404 1226; x_wconf 89' lang='lat' dir='ltr'><em>per</em></span> <span class='ocrx_word' id='word_1_75' title='bbox 415 1156 492 1216; x_wconf 84' lang='lat' dir='ltr'><em>detio,</em></span> <span class='ocrx_word' id='word_1_76' title='bbox 502 1171 552 1222; x_wconf 92' lang='lat' dir='ltr'><em>per</em></span> <span class='ocrx_word' id='word_1_77' title='bbox 562 1172 681 1224; x_wconf 90' lang='lat' dir='ltr'><em>aequora</em></span> <span class='ocrx_word' id='word_1_78' title='bbox 691 1159 787 1227; x_wconf 76' lang='lat' dir='ltr'><em>tignis,</em></span> 
     </span>
    </p>

    <p class='ocr_par' dir='ltr' id='par_1_15' title="bbox 96 1223 892 1292">
     <span class='ocr_line' id='line_1_15' title="bbox 96 1223 892 1292; baseline 0.004 -16"><span class='ocrx_word' id='word_1_79' title='bbox 96 1224 169 1277; x_wconf 89' lang='lat' dir='ltr'><em>Dum</em></span> <span class='ocrx_word' id='word_1_80' title='bbox 182 1243 234 1278; x_wconf 86' lang='lat' dir='ltr'><em>non</em></span> <span class='ocrx_word' id='word_1_81' title='bbox 247 1241 354 1276; x_wconf 80' lang='lat' dir='ltr'><em>securos</em></span> <span class='ocrx_word' id='word_1_82' title='bbox 365 1226 446 1277; x_wconf 82' lang='lat' dir='ltr'><em>liceat</em></span> <span class='ocrx_word' id='word_1_83' title='bbox 457 1223 523 1275; x_wconf 80' lang='lat' dir='ltr'><em>midi</em></span> <span class='ocrx_word' id='word_1_84' title='bbox 532 1240 655 1292; x_wconf 85' lang='lat' dir='ltr'><em>rumpere</em></span> <span class='ocrx_word' id='word_1_85' title='bbox 665 1243 777 1288; x_wconf 76' lang='lat' dir='ltr'><em>toronos,</em></span> <span class='ocrx_word' id='word_1_86' title='bbox 859 1229 892 1278; x_wconf 74' lang='grc'><em>25</em></span> 
     </span>
    </p>

    <p class='ocr_par' dir='ltr' id='par_1_16' title="bbox 96 1292 740 1358">
     <span class='ocr_line' id='line_1_16' title="bbox 96 1292 740 1358; baseline 0.006 -16"><span class='ocrx_word' id='word_1_87' title='bbox 96 1293 136 1344; x_wconf 82' lang='lat' dir='ltr'><em>Et</em></span> <span class='ocrx_word' id='word_1_88' title='bbox 145 1297 247 1346; x_wconf 84' lang='lat' dir='ltr'><em>nulium</em></span> <span class='ocrx_word' id='word_1_89' title='bbox 259 1303 347 1345; x_wconf 82' lang='lat' dir='ltr'><em>aestro</em></span> <span class='ocrx_word' id='word_1_90' title='bbox 358 1309 471 1344; x_wconf 87' lang='lat' dir='ltr'><em>oaauum</em></span> <span class='ocrx_word' id='word_1_91' title='bbox 481 1292 519 1341; x_wconf 84' lang='lat' dir='ltr'><em>tit</em></span> <span class='ocrx_word' id='word_1_92' title='bbox 528 1302 632 1358; x_wconf 81' lang='lat' dir='ltr'><em>tempus</em></span> <span class='ocrx_word' id='word_1_93' title='bbox 642 1296 740 1357; x_wconf 85' lang='lat' dir='ltr'><em>amori,</em></span> 
     </span>
    </p>

    <p class='ocr_par' dir='ltr' id='par_1_17' title="bbox 99 1359 725 1425">
     <span class='ocr_line' id='line_1_17' title="bbox 99 1359 725 1425; baseline 0.002 -14"><span class='ocrx_word' id='word_1_94' title='bbox 99 1362 152 1414; x_wconf 83' lang='lat' dir='ltr'><em>Sed</em></span> <span class='ocrx_word' id='word_1_95' title='bbox 161 1370 255 1413; x_wconf 88' lang='lat' dir='ltr'><em>teneat</em></span> <span class='ocrx_word' id='word_1_96' title='bbox 267 1359 418 1425; x_wconf 71' lang='lat' dir='ltr'><em>Caesarque</em></span> <span class='ocrx_word' id='word_1_97' title='bbox 431 1360 495 1420; x_wconf 77' lang='lat' dir='ltr'><em>diet,</em></span> <span class='ocrx_word' id='word_1_98' title='bbox 506 1369 531 1410; x_wconf 89' lang='lat' dir='ltr'><em>et</em></span> <span class='ocrx_word' id='word_1_99' title='bbox 544 1359 615 1412; x_wconf 85' lang='lat' dir='ltr'><em>iulia</em></span> <span class='ocrx_word' id='word_1_100' title='bbox 627 1371 725 1414; x_wconf 79' lang='lat' dir='ltr'><em>noctes.</em></span> 
     </span>
    </p>

    <p class='ocr_par' dir='ltr' id='par_1_18' title="bbox 98 1426 677 1494">
     <span class='ocr_line' id='line_1_18' title="bbox 98 1426 677 1494; baseline -0.002 -14"><span class='ocrx_word' id='word_1_101' title='bbox 98 1428 144 1480; x_wconf 87' lang='lat' dir='ltr'><em>Me</em></span> <span class='ocrx_word' id='word_1_102' title='bbox 156 1445 208 1481; x_wconf 85' lang='lat' dir='ltr'><em>non</em></span> <span class='ocrx_word' id='word_1_103' title='bbox 218 1426 363 1489; x_wconf 75' lang='lat' dir='ltr'><em>Lethaeae,</em></span> <span class='ocrx_word' id='word_1_104' title='bbox 374 1427 481 1488; x_wconf 82' lang='lat' dir='ltr'><em>coniux,</em></span> <span class='ocrx_word' id='word_1_105' title='bbox 490 1426 589 1478; x_wconf 79' lang='lat' dir='ltr'><em>obliuia</em></span> <span class='ocrx_word' id='word_1_106' title='bbox 599 1427 677 1494; x_wconf 82' lang='lat' dir='ltr'><em>ripae</em></span> 
     </span>
    </p>

    <p class='ocr_par' dir='ltr' id='par_1_19' title="bbox 99 1493 717 1565">
     <span class='ocr_line' id='line_1_19' title="bbox 99 1493 717 1565; baseline 0 -17"><span class='ocrx_word' id='word_1_107' title='bbox 99 1498 279 1548; x_wconf 79' lang='lat' dir='ltr'><em>Immemorem</em></span> <span class='ocrx_word' id='word_1_108' title='bbox 285 1496 380 1565; x_wconf 82' lang='lat' dir='ltr'><em>serere</em></span> <span class='ocrx_word' id='word_1_109' title='bbox 391 1493 442 1556; x_wconf 86' lang='lat' dir='ltr'><em>tui,</em></span> <span class='ocrx_word' id='word_1_110' title='bbox 454 1508 583 1561; x_wconf 77' lang='lat' dir='ltr'><em>rogetque</em></span> <span class='ocrx_word' id='word_1_111' title='bbox 593 1495 717 1549; x_wconf 76' lang='lat' dir='ltr'><em>uitentum</em></span> 
     </span>
    </p>

    <p class='ocr_par' dir='ltr' id='par_1_20' title="bbox 97 1561 892 1634">
     <span class='ocr_line' id='line_1_20' title="bbox 97 1561 892 1634; baseline 0.004 -18"><span class='ocrx_word' id='word_1_112' title='bbox 97 1564 251 1616; x_wconf 82' lang='lat' dir='ltr'><em>Permisere</em></span> <span class='ocrx_word' id='word_1_113' title='bbox 263 1563 344 1631; x_wconf 83' lang='lat' dir='ltr'><em>requi.</em></span> <span class='ocrx_word' id='word_1_114' title='bbox 387 1561 505 1622; x_wconf 83' lang='lat' dir='ltr'><em>Veniam,</em></span> <span class='ocrx_word' id='word_1_115' title='bbox 517 1572 544 1615; x_wconf 91' lang='lat' dir='ltr'><em>te</em></span> <span class='ocrx_word' id='word_1_116' title='bbox 555 1563 624 1616; x_wconf 81' lang='lat' dir='ltr'><em>della</em></span> <span class='ocrx_word' id='word_1_117' title='bbox 634 1575 753 1634; x_wconf 75' lang='lat' dir='ltr'><em>gerente,</em></span> <span class='ocrx_word' id='word_1_118' title='bbox 859 1569 892 1619; x_wconf 79' lang='grc'><em>30</em></span> 
     </span>
    </p>

    <p class='ocr_par' dir='ltr' id='par_1_21' title="bbox 100 1631 832 1703">
     <span class='ocr_line' id='line_1_21' title="bbox 100 1631 832 1703; baseline 0.003 -17"><span class='ocrx_word' id='word_1_119' title='bbox 100 1635 131 1686; x_wconf 89' lang='lat' dir='ltr'><em>in</em></span> <span class='ocrx_word' id='word_1_120' title='bbox 137 1633 236 1685; x_wconf 80' lang='lat' dir='ltr'><em>medior</em></span> <span class='ocrx_word' id='word_1_121' title='bbox 242 1632 321 1685; x_wconf 75' lang='lat' dir='ltr'><em>aaiee</em></span> <span class='ocrx_word' id='word_1_122' title='bbox 333 1633 484 1699; x_wconf 88' lang='lat' dir='ltr'><em>Numquam</em></span> <span class='ocrx_word' id='word_1_123' title='bbox 490 1631 665 1703; x_wconf 82' lang='lat' dir='ltr'><em>tibi,Magne,</em></span> <span class='ocrx_word' id='word_1_124' title='bbox 669 1652 719 1702; x_wconf 91' lang='lat' dir='ltr'><em>per</em></span> <span class='ocrx_word' id='word_1_125' title='bbox 726 1636 832 1690; x_wconf 79' lang='lat' dir='ltr'><em>umbras</em></span> 
     </span>
    </p>

    <p class='ocr_par' dir='ltr' id='par_1_22' title="bbox 101 1703 764 1772">
     <span class='ocr_line' id='line_1_22' title="bbox 101 1703 764 1772; baseline 0.002 -18"><span class='ocrx_word' id='word_1_126' title='bbox 101 1703 206 1768; x_wconf 85' lang='lat' dir='ltr'><em>Perque</em></span> <span class='ocrx_word' id='word_1_127' title='bbox 216 1717 286 1753; x_wconf 85' lang='lat' dir='ltr'><em>mear</em></span> <span class='ocrx_word' id='word_1_128' title='bbox 297 1719 388 1756; x_wconf 75' lang='lat' dir='ltr'><em>oroneo</em></span> <span class='ocrx_word' id='word_1_129' title='bbox 396 1717 525 1772; x_wconf 78' lang='lat' dir='ltr'><em>generum</em></span> <span class='ocrx_word' id='word_1_130' title='bbox 536 1719 589 1755; x_wconf 82' lang='lat' dir='ltr'><em>non</em></span> <span class='ocrx_word' id='word_1_131' title='bbox 599 1718 654 1755; x_wconf 81' lang='lat' dir='ltr'><em>eoae</em></span> <span class='ocrx_word' id='word_1_132' title='bbox 664 1705 764 1757; x_wconf 79' lang='lat' dir='ltr'><em>iicebit.</em></span> 
     </span>
    </p>

    <p class='ocr_par' dir='ltr' id='par_1_23' title="bbox 97 1770 771 1844">
     <span class='ocr_line' id='line_1_23' title="bbox 97 1770 771 1844; baseline 0.004 -21"><span class='ocrx_word' id='word_1_133' title='bbox 97 1770 219 1824; x_wconf 78' lang='lat' dir='ltr'><em>Abscidis</em></span> <span class='ocrx_word' id='word_1_134' title='bbox 230 1771 339 1837; x_wconf 78' lang='lat' dir='ltr'><em>frustra</em></span> <span class='ocrx_word' id='word_1_135' title='bbox 348 1773 431 1844; x_wconf 84' lang='lat' dir='ltr'><em>ferro</em></span> <span class='ocrx_word' id='word_1_136' title='bbox 441 1780 491 1823; x_wconf 88' lang='lat' dir='ltr'><em>tua</em></span> <span class='ocrx_word' id='word_1_137' title='bbox 499 1771 629 1839; x_wconf 80' lang='lat' dir='ltr'><em>pignora.</em></span> <span class='ocrx_word' id='word_1_138' title='bbox 666 1773 771 1826; x_wconf 77' lang='lat' dir='ltr'><em>Bellum</em></span> 
     </span>
    </p>

    <p class='ocr_par' dir='ltr' id='par_1_24' title="bbox 101 1838 703 1961">
     <span class='ocr_line' id='line_1_24' title="bbox 101 1838 703 1961; baseline 0.005 -69"><span class='ocrx_word' id='word_1_139' title='bbox 101 1839 139 1893; x_wconf 84' lang='lat' dir='ltr'><em>Te</em></span> <span class='ocrx_word' id='word_1_140' title='bbox 145 1841 237 1961; x_wconf 65' lang='lat' dir='ltr'><em>q‘aaiet</em></span> <span class='ocrx_word' id='word_1_141' title='bbox 249 1841 326 1893; x_wconf 79' lang='lat' dir='ltr'><em>ciuile</em></span> <span class='ocrx_word' id='word_1_142' title='bbox 336 1858 431 1894; x_wconf 73' lang='lat' dir='ltr'><em>areuna.</em></span> <span class='ocrx_word' id='word_1_143' title='bbox 467 1838 590 1904; x_wconf 70' lang='lat' dir='ltr'><em>sitista,</em></span> <span class='ocrx_word' id='word_1_144' title='bbox 601 1841 703 1911; x_wconf 82' lang='lat' dir='ltr'><em>refugit</em></span> 
     </span>
    </p>

    <p class='ocr_par' dir='ltr' id='par_1_25' title="bbox 98 1910 892 2047">
     <span class='ocr_line' id='line_1_25' title="bbox 98 1910 892 1978; baseline 0.001 -15"><span class='ocrx_word' id='word_1_145' title='bbox 98 1912 147 1963; x_wconf 89' lang='lat' dir='ltr'><em>Um</em></span> <span class='ocrx_word' id='word_1_146' title='bbox 168 1927 199 1961; x_wconf 81' lang='lat' dir='ltr'><em>ro</em></span> <span class='ocrx_word' id='word_1_147' title='bbox 211 1925 259 1978; x_wconf 87' lang='lat' dir='ltr'><em>per</em></span> <span class='ocrx_word' id='word_1_148' title='bbox 270 1911 409 1978; x_wconf 77' lang='lat' dir='ltr'><em>anspiexus</em></span> <span class='ocrx_word' id='word_1_149' title='bbox 419 1910 518 1976; x_wconf 81' lang='lat' dir='ltr'><em>trepidi</em></span> <span class='ocrx_word' id='word_1_150' title='bbox 529 1910 633 1977; x_wconf 80' lang='lat' dir='ltr'><em>dilapsa</em></span> <span class='ocrx_word' id='word_1_151' title='bbox 644 1913 742 1964; x_wconf 81' lang='lat' dir='ltr'><em>mariti.</em></span> <span class='ocrx_word' id='word_1_152' title='bbox 859 1913 892 1964; x_wconf 75' lang='lat'><em>35</em></span> 
     </span>
     <span class='ocr_line' id='line_1_26' title="bbox 151 1978 823 2047; baseline 0.001 -16"><span class='ocrx_word' id='word_1_153' title='bbox 151 1981 208 2041; x_wconf 90' lang='lat' dir='ltr'><em>ille,</em></span> <span class='ocrx_word' id='word_1_154' title='bbox 218 1978 262 2030; x_wconf 91' lang='lat' dir='ltr'><em>dei</em></span> <span class='ocrx_word' id='word_1_155' title='bbox 273 1982 395 2047; x_wconf 83' lang='lat' dir='ltr'><em>quamvis</em></span> <span class='ocrx_word' id='word_1_156' title='bbox 406 1978 511 2031; x_wconf 81' lang='lat' dir='ltr'><em>cladem</em></span> <span class='ocrx_word' id='word_1_157' title='bbox 521 1994 669 2047; x_wconf 75' lang='lat' dir='ltr'><em>manesque</em></span> <span class='ocrx_word' id='word_1_158' title='bbox 679 1982 823 2045; x_wconf 87' lang='lat' dir='ltr'><em>minentur,</em></span> 
     </span>
    </p>

    <p class='ocr_par' dir='ltr' id='par_1_26' title="bbox 96 2049 800 2110">
     <span class='ocr_line' id='line_1_27' title="bbox 96 2049 800 2110; baseline 0.003 -11"><span class='ocrx_word' id='word_1_159' title='bbox 96 2051 188 2099; x_wconf 85' lang='lat' dir='ltr'><em>Maior</em></span> <span class='ocrx_word' id='word_1_160' title='bbox 198 2049 226 2098; x_wconf 89' lang='lat' dir='ltr'><em>in</em></span> <span class='ocrx_word' id='word_1_161' title='bbox 237 2063 313 2098; x_wconf 82' lang='lat' dir='ltr'><em>arma</em></span> <span class='ocrx_word' id='word_1_162' title='bbox 322 2050 385 2110; x_wconf 85' lang='lat' dir='ltr'><em>ruit,</em></span> <span class='ocrx_word' id='word_1_163' title='bbox 398 2053 475 2099; x_wconf 80' lang='lat' dir='ltr'><em>certa</em></span> <span class='ocrx_word' id='word_1_164' title='bbox 487 2063 547 2098; x_wconf 85' lang='lat' dir='ltr'><em>oum</em></span> <span class='ocrx_word' id='word_1_165' title='bbox 557 2054 649 2100; x_wconf 86' lang='lat' dir='ltr'><em>mente</em></span> <span class='ocrx_word' id='word_1_166' title='bbox 659 2050 800 2101; x_wconf 80' lang='lat' dir='ltr'><em>malorum.</em></span> 
     </span>
    </p>

    <p class='ocr_par' dir='ltr' id='par_1_27' title="bbox 97 2115 837 2184">
     <span class='ocr_line' id='line_1_28' title="bbox 97 2115 837 2184; baseline 0.007 -17"><span class='ocrx_word' id='word_1_167' title='bbox 97 2118 143 2178; x_wconf 84' lang='lat' dir='ltr'><em>Et,</em></span> <span class='ocrx_word' id='word_1_168' title='bbox 154 2116 225 2181; x_wconf 79' lang='lat' dir='ltr'><em>qaid,</em></span> <span class='ocrx_word' id='word_1_169' title='bbox 237 2117 283 2176; x_wconf 78' lang='lat' dir='ltr'><em>ait,</em></span> <span class='ocrx_word' id='word_1_170' title='bbox 294 2116 358 2168; x_wconf 82' lang='lat' dir='ltr'><em>rani</em></span> <span class='ocrx_word' id='word_1_171' title='bbox 369 2126 502 2167; x_wconf 91' lang='lat' dir='ltr'><em>terremur</em></span> <span class='ocrx_word' id='word_1_172' title='bbox 513 2115 633 2184; x_wconf 80' lang='lat' dir='ltr'><em>imagine</em></span> <span class='ocrx_word' id='word_1_173' title='bbox 643 2117 731 2170; x_wconf 78' lang='lat' dir='ltr'><em>risus!</em></span> <span class='ocrx_word' id='word_1_174' title='bbox 836 2168 837 2172; x_wconf 74' lang='grc'>,</span> 
     </span>
    </p>

    <p class='ocr_par' dir='ltr' id='par_1_28' title="bbox 101 2182 761 2248">
     <span class='ocr_line' id='line_1_29' title="bbox 101 2182 761 2248; baseline 0.003 -13"><span class='ocrx_word' id='word_1_175' title='bbox 101 2186 156 2235; x_wconf 77' lang='lat' dir='ltr'><em>Aut</em></span> <span class='ocrx_word' id='word_1_176' title='bbox 167 2182 237 2236; x_wconf 76' lang='lat' dir='ltr'><em>nidi!</em></span> <span class='ocrx_word' id='word_1_177' title='bbox 245 2193 284 2234; x_wconf 82' lang='lat' dir='ltr'><em>ert</em></span> <span class='ocrx_word' id='word_1_178' title='bbox 295 2200 384 2235; x_wconf 78' lang='lat' dir='ltr'><em>rentur</em></span> <span class='ocrx_word' id='word_1_179' title='bbox 393 2184 492 2235; x_wconf 81' lang='lat' dir='ltr'><em>animia</em></span> <span class='ocrx_word' id='word_1_180' title='bbox 503 2200 520 2234; x_wconf 94' lang='lat' dir='ltr'><em>a</em></span> <span class='ocrx_word' id='word_1_181' title='bbox 532 2194 617 2236; x_wconf 88' lang='lat' dir='ltr'><em>morte</em></span> <span class='ocrx_word' id='word_1_182' title='bbox 628 2187 761 2248; x_wconf 77' lang='lat' dir='ltr'><em>relietum,</em></span> 
     </span>
    </p>

    <p class='ocr_par' dir='ltr' id='par_1_29' title="bbox 98 2251 891 2318">
     <span class='ocr_line' id='line_1_30' title="bbox 98 2251 891 2318; baseline 0.003 -15"><span class='ocrx_word' id='word_1_183' title='bbox 98 2253 156 2304; x_wconf 80' lang='lat' dir='ltr'><em>Aut</em></span> <span class='ocrx_word' id='word_1_184' title='bbox 164 2268 234 2302; x_wconf 83' lang='lat' dir='ltr'><em>mora</em></span> <span class='ocrx_word' id='word_1_185' title='bbox 245 2251 305 2318; x_wconf 83' lang='lat' dir='ltr'><em>ipra</em></span> <span class='ocrx_word' id='word_1_186' title='bbox 316 2251 392 2304; x_wconf 76' lang='lat' dir='ltr'><em>nittt.</em></span> <span class='ocrx_word' id='word_1_187' title='bbox 429 2253 513 2302; x_wconf 80' lang='lat' dir='ltr'><em>Titan</em></span> <span class='ocrx_word' id='word_1_188' title='bbox 521 2253 575 2302; x_wconf 81' lang='lat' dir='ltr'><em>ium</em></span> <span class='ocrx_word' id='word_1_189' title='bbox 586 2267 688 2318; x_wconf 89' lang='lat' dir='ltr'><em>pronus</em></span> <span class='ocrx_word' id='word_1_190' title='bbox 697 2257 724 2305; x_wconf 89' lang='lat' dir='ltr'><em>in</em></span> <span class='ocrx_word' id='word_1_191' title='bbox 737 2255 823 2307; x_wconf 83' lang='lat' dir='ltr'><em>undas</em></span> <span class='ocrx_word' id='word_1_192' title='bbox 857 2257 891 2305; x_wconf 79' lang='lat'><em>40</em></span> 
     </span>
    </p>

    <p class='ocr_par' dir='ltr' id='par_1_30' title="bbox 98 2318 718 2389">
     <span class='ocr_line' id='line_1_31' title="bbox 98 2318 718 2389; baseline 0 -16"><span class='ocrx_word' id='word_1_193' title='bbox 98 2322 169 2382; x_wconf 82' lang='lat' dir='ltr'><em>ibat,</em></span> <span class='ocrx_word' id='word_1_194' title='bbox 182 2326 211 2371; x_wconf 92' lang='lat' dir='ltr'><em>et</em></span> <span class='ocrx_word' id='word_1_195' title='bbox 220 2318 329 2389; x_wconf 80' lang='lat' dir='ltr'><em>igniferi</em></span> <span class='ocrx_word' id='word_1_196' title='bbox 339 2325 445 2370; x_wconf 86' lang='lat' dir='ltr'><em>tantum</em></span> <span class='ocrx_word' id='word_1_197' title='bbox 455 2319 625 2372; x_wconf 76' lang='lat' dir='ltr'><em>demerserat</em></span> <span class='ocrx_word' id='word_1_198' title='bbox 636 2322 718 2384; x_wconf 83' lang='lat' dir='ltr'><em>orbis,</em></span> 
     </span>
    </p>

    <p class='ocr_par' dir='ltr' id='par_1_31' title="bbox 99 2387 928 2455">
     <span class='ocr_line' id='line_1_32' title="bbox 99 2387 928 2455; baseline 0.001 -13"><span class='ocrx_word' id='word_1_199' title='bbox 99 2393 237 2454; x_wconf 79' lang='lat' dir='ltr'><em>Quantum</em></span> <span class='ocrx_word' id='word_1_200' title='bbox 249 2389 345 2440; x_wconf 88' lang='lat' dir='ltr'><em>deesse</em></span> <span class='ocrx_word' id='word_1_201' title='bbox 356 2387 427 2439; x_wconf 84' lang='lat' dir='ltr'><em>solet</em></span> <span class='ocrx_word' id='word_1_202' title='bbox 436 2387 526 2450; x_wconf 81' lang='lat' dir='ltr'><em>lunae,</em></span> <span class='ocrx_word' id='word_1_203' title='bbox 537 2403 585 2439; x_wconf 89' lang='lat' dir='ltr'><em>seu</em></span> <span class='ocrx_word' id='word_1_204' title='bbox 593 2388 771 2455; x_wconf 86' lang='lat' dir='ltr'><em>pienofuturo</em></span> <span class='ocrx_word' id='word_1_205' title='bbox 781 2399 831 2454; x_wconf 91' lang='lat' dir='ltr'><em>est,</em></span> <span class='ocrx_word' id='word_1_206' title='bbox 924 2446 928 2452; x_wconf 68' lang='grc'><strong>,</strong></span> 
     </span>
    </p>

    <p class='ocr_par' dir='ltr' id='par_1_32' title="bbox 99 2455 778 2526">
     <span class='ocr_line' id='line_1_33' title="bbox 99 2455 778 2526; baseline -0.001 -14"><span class='ocrx_word' id='word_1_207' title='bbox 99 2459 154 2513; x_wconf 84' lang='lat' dir='ltr'><em>Seu</em></span> <span class='ocrx_word' id='word_1_208' title='bbox 162 2462 217 2512; x_wconf 83' lang='lat' dir='ltr'><em>ium</em></span> <span class='ocrx_word' id='word_1_209' title='bbox 229 2459 309 2526; x_wconf 87' lang='lat' dir='ltr'><em>pleno</em></span> <span class='ocrx_word' id='word_1_210' title='bbox 320 2456 383 2509; x_wconf 78' lang='lat' dir='ltr'><em>fuit:</em></span> <span class='ocrx_word' id='word_1_211' title='bbox 394 2463 459 2508; x_wconf 88' lang='lat' dir='ltr'><em>tuna</em></span> <span class='ocrx_word' id='word_1_212' title='bbox 470 2456 569 2508; x_wconf 75' lang='lat' dir='ltr'><em>obtudit</em></span> <span class='ocrx_word' id='word_1_213' title='bbox 580 2455 689 2525; x_wconf 81' lang='lat' dir='ltr'><em>hospita</em></span> <span class='ocrx_word' id='word_1_214' title='bbox 699 2459 778 2511; x_wconf 87' lang='lat' dir='ltr'><em>telius</em></span> 
     </span>
    </p>

    <p class='ocr_par' dir='ltr' id='par_1_33' title="bbox 98 2525 755 2597">
     <span class='ocr_line' id='line_1_34' title="bbox 98 2525 755 2597; baseline -0.002 -16"><span class='ocrx_word' id='word_1_215' title='bbox 98 2529 239 2597; x_wconf 74' lang='lat' dir='ltr'><em>Puppibus</em></span> <span class='ocrx_word' id='word_1_216' title='bbox 259 2542 387 2579; x_wconf 79' lang='lat' dir='ltr'><em>necessus</em></span> <span class='ocrx_word' id='word_1_217' title='bbox 396 2525 504 2577; x_wconf 72' lang='lat' dir='ltr'><em>facilest</em></span> <span class='ocrx_word' id='word_1_218' title='bbox 516 2525 608 2594; x_wconf 81' lang='lat' dir='ltr'><em>legere</em></span> <span class='ocrx_word' id='word_1_219' title='bbox 617 2526 755 2591; x_wconf 87' lang='lat' dir='ltr'><em>rudentes,</em></span> 
     </span>
    </p>

    <p class='ocr_par' dir='ltr' id='par_1_34' title="bbox 98 2594 892 2732">
     <span class='ocr_line' id='line_1_35' title="bbox 98 2594 892 2666; baseline -0.003 -16"><span class='ocrx_word' id='word_1_220' title='bbox 98 2601 135 2650; x_wconf 81' lang='lat' dir='ltr'><em>Et</em></span> <span class='ocrx_word' id='word_1_221' title='bbox 145 2600 236 2666; x_wconf 83' lang='lat' dir='ltr'><em>posito</em></span> <span class='ocrx_word' id='word_1_222' title='bbox 247 2598 329 2649; x_wconf 85' lang='lat' dir='ltr'><em>remis</em></span> <span class='ocrx_word' id='word_1_223' title='bbox 340 2596 477 2662; x_wconf 81' lang='lat' dir='ltr'><em>petierunt</em></span> <span class='ocrx_word' id='word_1_224' title='bbox 485 2594 567 2646; x_wconf 82' lang='lat' dir='ltr'><em>litora</em></span> <span class='ocrx_word' id='word_1_225' title='bbox 576 2595 658 2648; x_wconf 80' lang='lat' dir='ltr'><em>maio.</em></span> <span class='ocrx_word' id='word_1_226' title='bbox 858 2598 892 2648; x_wconf 80' lang='lat'><em>45</em></span> 
     </span>
     <span class='ocr_line' id='line_1_36' title="bbox 152 2665 764 2732; baseline -0.007 -13"><span class='ocrx_word' id='word_1_227' title='bbox 152 2670 262 2729; x_wconf 76' lang='lat' dir='ltr'><em>Caesar,</em></span> <span class='ocrx_word' id='word_1_228' title='bbox 273 2672 304 2718; x_wconf 91' lang='lat' dir='ltr'><em>ut</em></span> <span class='ocrx_word' id='word_1_229' title='bbox 315 2666 427 2717; x_wconf 84' lang='lat' dir='ltr'><em>emissos</em></span> <span class='ocrx_word' id='word_1_230' title='bbox 436 2665 511 2716; x_wconf 85' lang='lat' dir='ltr'><em>venti</em></span> <span class='ocrx_word' id='word_1_231' title='bbox 521 2679 637 2732; x_wconf 86' lang='lat' dir='ltr'><em>rapuere</em></span> <span class='ocrx_word' id='word_1_232' title='bbox 648 2666 700 2718; x_wconf 78' lang='lat' dir='ltr'><em>aad</em></span> <span class='ocrx_word' id='word_1_233' title='bbox 741 2683 764 2723; x_wconf 85' lang='lat' dir='ltr'><em>s,</em></span> 
     </span>
    </p>

    <p class='ocr_par' dir='ltr' id='par_1_35' title="bbox 98 2733 692 2804">
     <span class='ocr_line' id='line_1_37' title="bbox 98 2733 692 2804; baseline -0.005 -17"><span class='ocrx_word' id='word_1_234' title='bbox 98 2737 300 2804; x_wconf 79' lang='lat' dir='ltr'><em>Absconditque</em></span> <span class='ocrx_word' id='word_1_235' title='bbox 309 2733 409 2786; x_wconf 78' lang='lat' dir='ltr'><em>fretum</em></span> <span class='ocrx_word' id='word_1_236' title='bbox 421 2733 532 2796; x_wconf 80' lang='lat' dir='ltr'><em>classes,</em></span> <span class='ocrx_word' id='word_1_237' title='bbox 544 2739 572 2786; x_wconf 82' lang='lat' dir='ltr'><em>et</em></span> <span class='ocrx_word' id='word_1_238' title='bbox 582 2733 663 2788; x_wconf 83' lang='lat' dir='ltr'><em>litore</em></span> <span class='ocrx_word' id='word_1_239' title='bbox 673 2751 692 2787; x_wconf 79' lang='lat' dir='ltr'><em>n</em></span> 
     </span>
    </p>
   </div>
   <div class='ocr_carea' id='block_1_3' title="bbox 0 0 994 3074">
    <p class='ocr_par' dir='ltr' id='par_1_36' title="bbox 0 0 994 3074">
     <span class='ocr_line' id='line_1_38' title="bbox 0 0 994 3074; baseline 0 0"><span class='ocrx_word' id='word_1_240' title='bbox 0 0 994 3074; x_wconf 95' lang='lat' dir='ltr'><em> </em></span> 
     </span>
    </p>
   </div>
  </div>
 </body>
</html>
