1980 3074
202 130 253 180 ’.116
368 127 405 175 tl.
442 124 544 176 sn'N.
581 125 759 179 Luculli

202 248 338 316 niquimr,
350 251 378 296 et
389 245 468 312 nigra
479 244 611 296 distillant
619 245 731 313 inguins
740 247 815 297 tabe.

201 314 326 367 Dissiluit
335 315 471 381 stringens
482 320 591 364 uterum
600 314 768 376 membrano,
782 313 928 386 fluuntque

202 386 329 438 Viscera:
347 397 409 445 nec,
420 388 549 450 quantiam
561 388 622 434 toto
634 382 669 434 de
681 397 798 450 corpore
807 384 902 451 debet,

140 457 192 507 115
202 453 297 506 Effluit
304 454 332 504 in
343 459 446 503 terras:
464 466 576 503 saevum
587 452 635 504 sed
646 452 769 504 membro
779 467 915 507 venenum

201 525 279 575 Doto
299 518 941 586 uit;inmioimummorscontrohitomnioviros.

201 594 271 646 Vino
301 589 942 663 onervorum,etlatesumcontoxtmcevumque

199 664 311 723 Pectus,
323 666 352 711 et
363 657 517 710 abstrusum
530 657 606 710 fibris
616 658 753 721 vitalibus,
764 675 846 712 omne
916 698 922 710 .

204 729 341 799 Quidquid
352 726 435 779 homo
442 734 493 790 est,
499 729 589 795 aperit
597 729 691 793 pestis,
712 726 944 798 Naturaprotoos

140 804 192 854 181)
203 803 295 853 Morte
307 803 398 867 patet:
416 802 530 848 manunt
540 793 646 848 humori
659 796 802 867 fortesque
810 798 924 853 lacerti:

202 869 279 923 Colla
290 874 428 935 caputque
439 864 534 917 fluunt.
555 865 649 918 calido
659 882 714 918 non
725 868 803 920 ocius
811 868 915 923 Austro

200 939 254 991 Nix
267 937 390 990 resoluta
400 934 483 998 cadit,
495 950 546 987 nec
557 934 642 988 solem
653 951 719 989 cera
728 943 868 1006 sequetur.

199 1010 291 1060 Parva
299 1007 407 1073 loquor,
419 1020 519 1072 corpus
529 1005 605 1057 sanie
616 1005 734 1058 stillasse
745 1013 903 1074 perustum

200 1079 263 1130 lloc
278 1081 307 1128 et
322 1073 433 1127 flammo
449 1080 554 1142 potest:
573 1075 622 1126 sed
638 1076 698 1143 quis
712 1091 798 1195 copus
813 1076 929 1130 abstulit

678 1159 743 1196 ossa

139 1218 190 1269 185
202 1218 282 1269 Haec
297 1227 405 1284 quoque
420 1212 578 1276 discedunt,
593 1219 741 1333 pumffif
757 1222 856 1267 secuto
871 1232 929 1270 me.

735 1298 775 1345 ⁸⁵2

201 1354 282 1405 Nulla
292 1368 404 1404 monere
416 1353 508 1403 sinunt
518 1350 606 1417 rapidi
616 1353 733 1419 vestigio
743 1351 803 1403 fati.

202 1421 351 1490 Cyniphias
360 1423 433 1473 inter
442 1426 536 1489 pestes
546 1421 596 1471 tibi
607 1421 699 1488 palma
709 1421 827 1473 nocendi
839 1431 897 1476 ests

200 1493 329 1559 Eripiunt
339 1507 434 1543 omnes
445 1491 572 1553 animum,
582 1496 613 1540 tu
623 1489 683 1541 sola
694 1490 823 1542 cadaver.

200 1563 276 1614 Ecce
286 1561 360 1613 subit
371 1559 458 1612 facies
467 1560 524 1611 leto
536 1559 645 1611 diversa
655 1557 759 1611 fluenti.

140 1632 191 1683 1110
204 1630 344 1682 Nusidium
354 1631 441 1681 Morsi
452 1629 586 1680 cultorem
598 1629 719 1681 torridus
729 1628 789 1697 agri

200 1700 342 1753 Percussit
352 1698 472 1750 Proster.
491 1697 794 1767 llliruborigneusoro

201 1767 359 1830 Succendit,
370 1766 512 1835 tenditque
523 1773 624 1830 cutem,
634 1772 766 1837 pereunte
776 1766 876 1835 figline,

199 1839 321 1890 Miscens
332 1843 432 1888 cuncta
441 1841 534 1887 tumor
542 1842 604 1888 toto
614 1838 669 1888 iarn
680 1849 797 1904 corpore
808 1838 914 1891 maior:

200 1906 412 1973 Humanumque
423 1920 534 1974 egressa
546 1906 656 1957 niodum
666 1919 750 1973 super
760 1907 854 1965 omnia
863 1922 949 1959 mem-

674 1975 726 2026 bra

140 2048 191 2102 115
202 2044 321 2098 Efflatur
331 2045 434 2097 sanies:
453 2045 509 2097 late
519 2045 639 2112 pollente
650 2059 767 2107 veneno,

200 2117 262 2183 lpse
273 2114 344 2167 latet
354 2116 462 2182 penitus
474 2121 606 2183 congesto
617 2127 735 2182 corpore
745 2128 867 2166 mersus:

200 2185 259 2238 Nec
268 2184 356 2237 lorica
367 2191 443 2236 tenet
454 2183 564 2237 distenti
575 2184 700 2251 corporis
711 2189 832 2234 auctum.

202 2254 338 2322 Spumeus
349 2269 467 2306 accenso
478 2269 533 2304 non
544 2254 584 2305 sic
599 2253 721 2305 exundat
733 2250 823 2304 aheno

202 2325 341 2378 Undarum
352 2323 489 2375 cumulus:
508 2338 560 2375 nec
569 2328 662 2374 tantos
673 2320 790 2374 esrum
801 2322 876 2375 (iuro

140 2396 191 2447 801)
203 2397 358 2447 Curvavere
369 2395 452 2445 sinus.
471 2392 604 2443 Tumidos
615 2393 669 2442 iam
680 2408 735 2445 noo
748 2392 824 2460 coplt
832 2398 917 2447 utin

201 2463 329 2515 Informis
340 2463 448 2532 globus,
461 2469 490 2514 et
500 2460 615 2513 confimo
628 2461 750 2528 pondere
759 2466 885 2515 motus»

200 2535 338 2585 intactum
348 2531 490 2585 volucrum
500 2530 607 2590 rostris,
619 2530 769 2600 epolnsquc
782 2529 913 2584 datorum

200 2603 282 2654 Haud
293 2603 403 2656 impunc
414 2599 489 2661 feris,
500 2614 555 2649 non
567 2601 625 2648 ausi
637 2600 748 2652 tradere
757 2600 851 2665 busto,

202 2671 289 2721 Nondt
349 2675 433 2721 ltaote
444 2667 506 2719 mos'
617 2682 674 2716 'ens
686 2667 783 2736 fugere
795 2670 928 2725 cadaver.
