1980 3074
347 371 379 420 32
517 370 554 419 lt.
589 367 690 419 Aa's'.
726 367 906 421 bucam

346 488 450 538 lrarum
460 488 545 536 nronit
554 485 687 535 stinsulos:
698 487 854 552 iuvenisque
865 487 984 538 calorem

287 557 336 607 323
347 556 458 607 Excitat
466 556 494 604 in
506 555 602 603 nimios
613 553 676 603 belli
689 553 773 604 civilis
784 568 899 605 artiores.

399 623 515 683 Interea,
527 619 640 671 Phoebo
650 621 754 688 gelidas
765 622 882 689 pellente
893 623 989 673 tenebr

347 691 474 742 Pulsatae
485 703 601 741 sonuere
612 688 698 740 iores:
716 704 783 757 quas
793 696 889 741 sancta
898 691 988 741 relict=

347 759 477 810 Hortensi
488 772 613 809 moerens
624 758 722 824 irrupit
732 759 838 808 Marcia
848 757 943 809 busto:

347 827 490 888 Quondam
499 828 576 894 virgo
588 826 656 876 toris
666 826 785 876 melioris
794 827 888 877 iuncta
898 829 988 876 mariti

287 895 336 945 330
347 896 423 957 Mox,
434 896 489 957 ubi,
496 894 622 945 connubii
634 895 750 960 pretium
761 909 928 962 mercesque,
939 895 980 946 sol

347 964 443 1015 'l'ertia
452 965 507 1014 ianr
517 962 635 1024 soboles,
647 962 715 1012 alios
726 961 844 1012 fecunda
855 972 967 1030 penates

349 1032 495 1099 lmpletura
506 1031 594 1093 datur,
604 1032 726 1098 geminas
738 1045 772 1081 ex
783 1033 912 1098 sanguine
925 1040 981 1081 mat

347 1101 519 1150 Permixtura
528 1099 633 1150 domos.
658 1096 712 1148 Sed
723 1105 866 1165 postquam
879 1099 986 1149 condidi

347 1168 382 1218 Su
404 1183 493 1218 remos
505 1169 619 1228 cineres,
629 1166 783 1217 miserando
795 1168 904 1217 concita
912 1167 986 1217 vultu

287 1237 337 1287 335
348 1237 370 1286 E
412 1251 456 1286 sas
466 1236 569 1286 laniata
580 1249 682 1296 comas,
693 1249 879 1301 concussaque
890 1241 985 1301 pectus

349 1303 512 1355 Verberibus
524 1303 635 1364 crebris,
648 1305 806 1370 cineresque
817 1304 924 1370 ingesta
934 1319 981 1368 scp

347 1371 407 1423 Non
419 1372 498 1423 aliter
510 1372 643 1438 placitura
653 1373 720 1433 viro,
733 1371 772 1422 sic
783 1377 889 1421 moesta
900 1371 990 1437 prola

346 1439 419 1492 Dum
430 1439 542 1509 sanguis
551 1440 651 1500 inerat,
663 1440 722 1491 dum
735 1439 773 1490 ris
786 1448 917 1500 ruoterua,
926 1457 987 1506 per

347 1510 431 1572 lusca,
445 1507 522 1570 Cato,
532 1517 559 1560 et
566 1507 688 1576 geminos
699 1507 878 1627 excepipoeta
890 1509 989 1559 ruarito

285 1580 334 1628 340
352 1577 503 1631 Visceribus
514 1577 600 1638 lassis,
609 1586 746 1642 partuque
759 1594 791 1628 er
811 1586 899 1637 austu,
910 1594 984 1628 rever

345 1648 402 1698 lnrn
414 1649 482 1700 nulii
492 1648 623 1699 tradendo
634 1646 700 1697 viro.
736 1645 783 1696 Du
789 1645 905 1714 foedera
915 1640 975 1712 p'ris

345 1716 454 1766 luitura
466 1716 535 1767 tori:
545 1716 578 1765 da
591 1723 697 1766 tuntum
710 1731 800 1765 noureu
810 1713 890 1764 inune

346 1782 492 1834 Connubii:
503 1785 585 1834 liceat
596 1785 697 1832 tumulo
710 1782 857 1847 scripsisse,
875 1795 937 1832 oar
945 1797 961 1831 o
970 1799 986 1831 s

346 1865 386 1899 nn
396 1865 413 1898 n
421 1865 435 1899 c
444 1864 491 1912 rn3
511 1867 558 1900 nec
568 1850 674 1900 dubium
686 1852 764 1915 longo
775 1859 923 1914 quaeratur
934 1852 961 1903 in
988 1879 990 1891 ι

285 1917 333 1966 345
346 1917 478 1968 Mutarim
486 1917 589 1982 primas
601 1919 719 1981 expulso,
730 1933 766 1967 un
777 1917 891 1981 tradita,
903 1921 982 1970 tuedo

344 1983 404 2035 Non
416 2001 456 2034 ure
466 1987 596 2034 laetorum
610 1982 731 2034 cornitem
741 1985 868 2051 rebusque
881 1991 989 2039 secundi

343 2052 464 2118 Accipis.-
476 2052 504 2102 in
515 2067 594 2102 cerras
605 2051 679 2102 venio
690 2061 847 2120 partemque
857 2054 985 2109 laborum.

345 2120 389 2171 Dc
401 2119 467 2169 rriibr'
479 2129 572 2170 castra
582 2120 672 2184 sequi:
684 2137 732 2170 cur
745 2130 806 2173 tutu
817 2123 845 2176 in
856 2141 924 2191 pace
935 2127 986 2177 reli

344 2189 383 2239 Et
393 2188 428 2238 sit
438 2187 512 2238 cirili
521 2189 632 2255 propior
644 2187 769 2240 Cornelia
781 2192 865 2244 bello?

285 2255 333 2306 330
380 2257 440 2308 liae
451 2255 551 2307 flexere
561 2259 646 2308 vinnm
652 2272 743 2319 voces,
751 2266 787 2321 et,
793 2267 918 2330 tempora
931 2277 981 2312 un

344 2324 404 2375 Sint
416 2325 504 2376 aliena
514 2327 590 2388 toris,
600 2328 654 2377 iam
667 2325 725 2378 fato
737 2329 764 2378 in
774 2329 846 2379 bella
856 2343 971 2385 vocant

345 2394 468 2445 Foedera
477 2394 536 2445 sola
546 2402 646 2458 tamen,
659 2411 781 2463 vanaque
793 2403 914 2451 carentia
926 2419 978 2468 pon

344 2463 405 2512 lura
415 2463 532 2529 placent,
544 2466 683 2532 sacrisque
696 2465 761 2515 dcos
772 2467 916 2520 admittere
927 2477 990 2524 test

342 2532 424 2582 Festa
435 2540 566 2583 coronato
578 2549 630 2583 non
643 2534 761 2600 pendent
773 2535 862 2586 limine
873 2546 960 2604 serta3

281 2596 330 2649 353
341 2599 481 2667 lnfulaqua
492 2604 518 2651 in
530 2604 651 2668 genuinos
664 2603 791 2652 discurn't
803 2606 918 2655 candida
930 2623 990 2671 pos

340 2668 544 2737 {septimaeque
556 2669 639 2731 iaces,
652 2671 833 2737 gradibusque
846 2674 955 2725 adclivis
967 2694 982 2728 e

340 2737 401 2789 Stat
412 2744 498 2801 torus,
510 2746 537 2790 et
548 2741 622 2806 picto
633 2745 723 2789 restes
735 2739 903 2791 discriminat
913 2758 980 2795 auro

338 2809 503 2875 'l'urritaquc
514 2823 639 2873 prensens
650 2806 767 2857 frontem
779 2817 904 2858 matrona
915 2827 990 2864 coro

336 2877 482 2926 'l'runslata
492 2878 577 2926 vetuit
589 2878 746 2941 contingere
758 2876 850 2926 limina
859 2878 959 2944 planta.
