1980 3074
162 199 448 253 PHARSALlA.
484 199 573 250 [ΑΒ.
604 200 686 253 Vlll.
738 197 792 254 ffl

57 319 177 371 Horruit
188 319 296 379 auditu,
307 334 382 384 quem
394 327 488 385 captat
500 319 595 368 ducere
606 334 682 385 reget

63 385 139 437 Vidit
151 387 184 436 uh
195 385 345 455 qumin,
359 386 476 451 ludoque
487 403 504 436 a
513 385 593 437 litare
603 423 611 448 ,
621 387 704 448 siluit,

57 456 203 509 Deiectum
208 455 297 523 fatie,
308 452 433 505 humilem
439 455 616 524 fractumque
627 455 735 516 uidebit,

58 525 234 588 Extolletque
246 521 347 572 animat
359 521 471 585 Latium
481 538 592 572 uesanue
603 522 631 572 in
644 521 741 582 erlem,
802 523 852 572 345

61 594 94 643 Se
106 593 200 652 sinml,
213 599 240 641 et
250 589 377 649 Romam,
390 591 517 655 Pompeio
527 590 659 656 supplice,
671 591 793 641 mentun?

59 662 107 712 Nil
119 659 230 720 animis,
236 659 363 729 fatitque
374 658 428 708 tuit
439 655 557 726 qffabere
569 657 690 726 dignum:

58 729 174 798 Exiget,
185 729 315 796 ignorans
327 726 427 777 Latiae
437 727 596 777 commercia
607 726 728 794 linguae,

62 797 98 847 Ut
109 796 251 865 lachrymis
258 812 293 858 ee,
302 793 409 863 Magne,
414 811 501 862 roget.
514 794 673 846 Patimurne
680 795 795 860 pudoris

60 866 121 916 Huc
130 868 239 926 uulnus,
254 866 341 915 cladet
351 873 381 914 ut
393 863 514 915 Parthia
525 863 641 915 uindicet
653 874 716 915 ante
803 863 854 912 350

60 933 217 1000 Hesperias,
229 949 308 1000 quam
319 931 404 984 Rama
414 933 494 984 tuat?
513 931 641 984 Civilibus
653 932 735 983 acutii

59 1001 154 1070 Elegit
164 1011 189 1054 te
199 1019 290 1069 netnpe
301 1004 400 1053 ducem.
423 998 495 1064 Qutt
503 1005 613 1053 uulnera
623 1012 716 1054 nostra

61 1071 94 1122 ln
105 1070 243 1139 Scythicae
255 1071 361 1138 spargis
371 1073 494 1137 populat,
505 1071 644 1134 cladesque
654 1070 785 1122 latentes?

65 1139 138 1201 Quid
150 1139 266 1191 Parthas
277 1139 397 1190 tramite
409 1139 506 1189 docet?
524 1139 632 1191 Solatia
645 1139 716 1190 tanti

64 1209 163 1259 Perdit
171 1207 258 1258 Roma
270 1207 347 1267 mali,
358 1209 443 1258 nullae
454 1205 595 1257 adtuittere
606 1223 689 1273 reges,
804 1204 854 1254 355

63 1277 116 1327 Sed
126 1276 179 1326 ciui
190 1276 291 1326 seruire
302 1291 357 1324 cua.
387 1275 470 1324 luuut
478 1274 519 1325 irc
527 1291 578 1340 per
589 1274 678 1324 orhem

63 1343 210 1395 Ducentem
220 1359 313 1393 saeuae
323 1342 445 1394 Rornanu
457 1341 486 1392 in
497 1342 600 1392 moenia
609 1351 711 1407 gentes,

64 1413 201 1481 Signaque
221 1412 253 1461 uh
274 1410 418 1476 Euphrate
441 1427 501 1461 cum
526 1408 629 1459 Cranii
654 1417 737 1476 capta
759 1424 796 1458 te·

534 1479 673 1542 quentem?

66 1547 120 1610 Qui
127 1550 198 1599 sonu
210 1563 318 1615 regum,
323 1547 390 1617 suto
402 1547 505 1596 celante
510 1546 644 1614 favorem,

61 1617 164 1688 Defuit
175 1615 323 1668 Emathiae
332 1653 340 1678 ,
350 1631 421 1667 nunc
432 1623 523 1666 tantm
535 1614 580 1665 ille
590 1618 701 1665 lacesset
806 1611 856 1661 360

62 1687 160 1738 Auditi
169 1685 280 1737 victorie
290 1701 363 1751 apes,
375 1696 423 1737 aut
434 1683 546 1752 iungere
551 1684 620 1754 satu

66 1755 172 1816 Tecum,
180 1754 288 1823 Magne,
298 1754 386 1805 ualet?
399 1753 459 1806 Non
469 1752 647 1822 haecfiduciu
655 1749 735 1819 genti
747 1759 795 1802 ett.

63 1823 159 1878 Omnis
170 1825 199 1877 in
210 1823 319 1876 Arctois
326 1821 446 1890 papulue'
453 1822 610 1889 quicumque
617 1820 726 1888 pruinis

62 1892 208 1955 Nascitur,
219 1893 367 1946 indomitus
378 1891 464 1952 bellic,
477 1902 505 1942 et
523 1890 618 1942 neartie
629 1899 745 1941 arceatur.

65 1962 204 2028 Quidquid
214 1963 250 2014 ad
257 1962 332 2014 ane
342 1971 460 2021 tractui,
472 1961 612 2027 mundique
624 1970 741 2026 teporem
804 1954 853 2004 365

66 2031 196 2092 Labitur,
208 2032 306 2082 emollit
313 2040 409 2098 genten
420 2029 561 2081 clementia
573 2028 648 2081 caeli.

63 2098 124 2149 Illic
136 2108 163 2148 et
173 2101 250 2149 laxat
260 2106 344 2149 vestet
354 2135 361 2157 ‚
371 2097 482 2166 etfluxu
493 2097 613 2149 uirorum

69 2164 224 2217 Velamenta
234 2165 316 2217 uidet.
346 2165 468 2217 Parthut
476 2183 524 2232 per
537 2164 645 2215 Medica
656 2178 732 2223 rura,

65 2233 231 2287 Sarmaticos
241 2234 314 2286 inter
325 2251 443 2301 eamque,
455 2232 595 2302 effusaque
604 2234 685 2298 plano

66 2303 190 2372 Tigridis
200 2320 267 2354 arua
277 2306 330 2355 mlo
340 2305 408 2356 nulli
418 2301 577 2369 euperahilis
590 2299 661 2350 hatti
671 2308 710 2349 eit
804 2297 855 2346 310

66 2373 207 2425 Libertate
211 2373 304 2444 fugae
316 2393 324 2425 .·
335 2374 381 2422 ted
389 2390 455 2431 non,
466 2370 511 2419 uhi
523 2379 598 2419 terra
610 2366 730 2427 tumebit,

64 2444 168 2509 ,lupera
179 2443 335 2494 cunccendet
346 2439 444 2490 mantii
454 2438 538 2505 lugat
550 2453 597 2488 nec
604 2452 654 2503 per
665 2450 762 2500 opacat

66 2512 141 2564 Bella
150 2521 228 2580 geret
243 2511 362 2560 tenehrnc
373 2507 476 2558 incerta
489 2504 582 2556 debilis
593 2521 668 2565 arcu,

64 2578 118 2632 Nec
123 2581 244 2652 fruteget
255 2578 342 2629 nando
353 2575 464 2626 uiolenti
476 2573 587 2624 carticii
599 2589 710 2633 amnem,

64 2650 118 2701 Nec
129 2657 186 2699 tata
198 2648 226 2699 in
235 2663 328 2714 pugna
336 2644 467 2765 peqlutut
478 2642 608 2711 sanguine
618 2641 735 2693 memhra
807 2637 856 2687 315

63 2718 165 2786 Exiget
178 2716 308 2768 aestiuum
319 2713 375 2767 cali
395 2729 409 2763 a
421 2714 467 2765 suh
475 2714 588 2780 puluere
598 2714 687 2762 colem.

97 2788 273 2838 Lucum.
622 2783 652 2832 M
