1980 3074
179 210 464 264 Puaasanln.
500 213 589 264 ma.
616 213 686 266 vu.
748 211 799 264 1⁵⁹

64 333 152 391 Quem
158 329 271 397 iugulat,
278 345 332 380 nun
338 345 397 381 essa
404 337 519 396 patrem.
531 329 857 397 Mnrsnullaquereia63⁰

63 400 155 466 Digna
168 404 284 460 ausast,
300 398 441 466 nullosque
456 397 594 450 hominum
607 398 701 466 lugere
717 413 796 448 vaea-

536 482 604 518 mus.

62 533 123 586 Nun
134 535 203 585 istas
213 533 308 586 habuit
317 549 424 602 pugnae
435 534 576 586 Pharsalia
587 543 689 600 partes,

64 604 139 664 Quas
150 602 219 654 aliae
231 603 336 653 clades:
354 603 409 654 illie
420 602 537 669 pariata
546 604 676 664 tironum,

63 673 118 721 Pur
128 670 243 738 populos
254 669 298 722 hie
309 671 397 721 Roma
408 672 493 739 perita
512 686 582 738 quae
593 671 685 721 militis
695 671 760 732 illic,

63 740 139 790 Mnus
150 738 194 790 hic
205 741 294 808 gentis
305 745 377 790 erat:
396 740 507 808 sangnis
516 740 555 790 ibi
565 738 645 790 fluxit
655 736 788 799 Achaeus,
808 738 857 787 635

63 808 203 870 Ponticus,
214 809 354 872 Assyrium
374 816 489 860 cunctos
500 806 615 859 haerere
626 821 739 858 amares

63 877 210 938 Romanus,
220 878 376 944 campisque
386 883 463 929 vetat
473 877 632 939 consistere,
642 882 759 927 torrens.

62 945 152 996 Maius
160 942 253 996 abhas
261 947 329 1006 acie,
336 961 416 1012 qnam
424 943 785 1013 qundsnasaeanlaierrant,

64 1013 165 1065 Vulnus
172 1011 382 1080 habentpopuliz
394 1013 800 1082 plusestquanivitasaiusque,

63 1082 142 1143 Quod
154 1083 237 1147 penite
248 1083 373 1134 intutum
381 1084 473 1133 mundi
482 1083 679 1151 prosternimur
685 1096 794 1132 aevum.
806 1079 856 1128 dio

63 1151 188 1202 Vincitur
199 1148 240 1200 his
251 1150 346 1200 viadiis
358 1152 454 1212 amnis,
465 1167 534 1218 quae
544 1153 654 1212 serviet,
666 1156 752 1201 aetas.

62 1220 191 1269 Proxima
202 1190 266 1285 quid
276 1218 395 1279 suboles,
407 1226 455 1268 aut
464 1220 527 1285 quid
539 1233 663 1269 meruere
675 1224 791 1283 nepotes

62 1289 91 1337 in
101 1301 214 1353 regnum
225 1285 317 1336 nascit
337 1286 432 1337 Pavidi
443 1303 505 1336 num
517 1287 649 1353 gessimus
661 1283 753 1334 armai

60 1356 192 1405 'l'eximus
204 1360 252 1403 ant
261 1352 385 1420 iugulosi
403 1354 488 1404 Alieni
500 1369 590 1420 pnsna
599 1354 705 1404 timoris

60 1424 90 1473 ln
102 1429 198 1472 nostra
208 1423 314 1472 cerviae
325 1421 411 1471 sedet.
430 1423 498 1472 Post
507 1421 611 1487 praelia
620 1422 691 1470 natis
805 1419 854 1468 645

59 1490 90 1542 Si
101 1489 248 1550 dominum,
259 1489 390 1552 Fortuna,
401 1489 495 1550 dabas,
507 1496 535 1540 et
544 1489 616 1539 belia
626 1489 755 1539 dedisses.

112 1559 169 1607 lam
180 1557 296 1624 Magnus
306 1558 436 1608 transisse
446 1557 522 1619 dens,
535 1559 712 1624 Romanaque
723 1557 782 1607 fata

60 1624 191 1678 Senserat
202 1625 309 1677 infelin
329 1631 389 1676 tota
398 1628 443 1677 vix
453 1626 531 1678 clade
543 1633 656 1678 coaetus

60 1697 208 1746 Fortunam
220 1695 349 1747 daninare
361 1711 447 1746 suam.
466 1694 576 1747 Stetita
595 1711 660 1764 gere
672 1695 759 1761 campi

60 1765 181 1825 Eminns,
192 1765 263 1815 unde
275 1779 369 1816 omnes
380 1780 489 1831 sparsas
500 1780 550 1832 per
560 1710 693 1815 Tdiessala
703 1779 768 1815 runa
802 1764 852 1813 666

59 1833 220 1900 Adspiceret
230 1833 331 1895 clades,
342 1849 412 1902 quae
422 1833 493 1884 bello
505 1835 633 1886 obstante
644 1834 774 1884 latebant.

57 1904 116 1953 Tot
125 1901 187 1953 telis
198 1918 247 1953 sua
258 1902 317 1954 fata
325 1905 391 1970 peti,
401 1908 446 1955 tnt
455 1918 573 1970 corpora
583 1901 653 1963 fusa,

57 1973 202 2022 Ausetani
213 1972 298 2022 multo
310 1978 470 2038 pereuntem
480 1973 610 2039 sangnine
621 1971 697 2021 vidit.

58 2040 126 2100 Nee,
137 2040 208 2088 sicut
219 2054 278 2089 mos
290 2045 333 2090 est
344 2040 459 2100 miseris,
471 2038 583 2091 trahere
594 2040 685 2088 omnin
697 2051 790 2088 secum

58 2109 150 2157 Mersa
161 2106 244 2167 iuvat,
255 2112 404 2173 gentesque
417 2121 483 2157 suae
495 2109 610 2158 miscere
621 2108 729 2156 ruinae:
801 2105 851 2154 655

59 2177 95 2224 Ut
106 2173 204 2222 Latine
215 2178 279 2238 past
288 2188 318 2223 se
329 2175 403 2223 vivat
412 2189 476 2239 pars
486 2176 606 2225 maxima
614 2174 720 2232 turbae,

58 2241 193 2291 Sustinuit
202 2240 299 2306 dignos
310 2241 393 2290 etiam
404 2256 476 2291 nunu
486 2241 599 2292 eradere
609 2242 681 2291 votis

58 2307 220 2369 Coedenias,
230 2308 367 2374 volvitque
378 2308 420 2359 sni
431 2308 531 2359 salatia
540 2323 632 2360 casus:

58 2376 182 2439 Parcite,
194 2377 241 2440 ait,
252 2375 350 2442 superi,
361 2386 471 2428 cunctas
479 2385 650 2442 prosternere
656 2383 768 2442 gentes:

56 2449 156 2499 Stante
158 2446 361 2512 postumum,
370 2444 666 2512 Romnqneeupmtite‚
674 2443 791 2510 Magnus
802 2442 851 2493 666

56 2515 127 2568 Esse
137 2516 225 2566 enitor.
245 2514 277 2566 ai
282 2517 364 2581 pinara
375 2514 471 2566 itcnnnt
482 2530 540 2566 meu
551 2517 671 2573 vulnera,
681 2510 782 2563 coniux

56 2587 108 2637 Est
119 2584 194 2645 miti,
205 2594 269 2637 sunt
278 2584 339 2637 nati
346 2602 356 2644 ‚·
374 2583 496 2635 dedimus
505 2593 545 2636 tot
553 2582 672 2650 pignora
679 2578 763 2651 satie.

57 2653 171 2706 Ciniiiue
179 2670 278 2720 parum
291 2663 330 2704 est
341 2653 416 2713 dello,
427 2652 451 2702 εἰ
462 2670 553 2721 meque
564 2669 685 2718 meosque

55 2722 176 2775 Obruit?
195 2723 310 2789 exiguae
320 2723 408 2773 eludes
419 2738 518 2783 eternus,
531 2722 593 2773 orie
605 2718 726 2773 remota?
