1980 3074
234 204 284 252 154
405 203 442 252 nl.
478 202 579 254 ANN.
615 201 795 255 Lucam

232 322 315 388 inque
327 322 407 372 deum
418 322 526 388 templis
536 321 636 372 iurabit
646 323 734 372 Roma
744 337 793 388 per
804 322 925 375 celebras.

172 390 222 437 460
288 388 323 441 Ut
332 391 429 456 rapido
440 405 521 441 cursu
532 389 583 441 lati
593 405 722 456 suprema
731 397 883 441 morantem

233 459 413 509 Consumsere
423 458 528 509 locum:
547 473 633 527 parva
642 459 739 509 tellure
750 459 868 521 direnti,

234 527 298 578 lnde
310 541 405 579 manns
417 533 555 594 spectant,
566 526 710 594 vultusque
723 541 874 595 agnoscere
884 544 973 598 quae-

708 602 779 658 runt,

234 664 294 725 Quo
305 680 356 716 sua
365 665 420 731 pila
431 665 540 726 cadant,
552 670 599 716 eut
610 678 679 732 quae
690 664 742 714 sibi
752 663 811 715 fata
820 665 972 730 nrinenttrr,

231 733 344 784 Facturi
353 748 423 801 quae
434 740 558 783 monstra
569 732 668 784 forent.
694 732 796 784 Videre
807 739 938 800 parentes

171 799 222 850 465
234 800 381 852 Frontibus
392 802 522 865 adversis,
533 801 709 868 fraternaque
721 802 871 852 comminus
882 816 971 865 uma,

232 867 290 920 Nec
300 869 379 921 libuit
388 876 494 921 mutare
504 870 607 922 locum:
627 875 720 920 tamen
730 871 821 920 omnia
829 875 930 938 torpor

231 937 351 989 Pectora
362 939 536 989 constrinxit:
545 938 703 1006 gelidusque
708 939 848 989 inviscera
858 941 970 1008 sanguis

233 1006 367 1057 Percussa
377 1009 480 1073 pietate
492 1009 559 1057 coit:
578 1013 709 1074 totaeque
720 1005 848 1058 cohortes

233 1074 293 1125 Pila
320 1081 400 1126 arata
411 1076 457 1126 diu
466 1077 551 1127 tensis
562 1082 674 1127 tonuere
685 1075 804 1126 lacertis.

171 1142 223 1188 470
235 1141 270 1192 Di
280 1090 329 1194 tibi
339 1159 394 1195 non
402 1151 533 1207 mortem,
549 1159 619 1213 quae
629 1144 735 1194 cunctis
745 1159 835 1210 poena
845 1149 969 1210 paratur,

233 1209 287 1261 Sed
298 1228 405 1263 sensum
417 1220 481 1280 post
490 1213 548 1264 icta
557 1219 621 1263 tuae
632 1212 706 1274 dent,
718 1213 850 1273 crastino,
862 1214 956 1276 morti,

233 1279 314 1332 Cuius
323 1288 398 1332 torta
408 1297 489 1332 manu
499 1283 635 1332 commisit
644 1281 742 1332 lancea
749 1280 859 1342 bellum,

231 1347 376 1418 Primaque
387 1348 557 1401 Thessaliam
567 1351 689 1401 Romano
701 1350 832 1417 sanguim
841 1350 933 1402 tinxit.

233 1416 256 1468 0
267 1432 400 1486 praeceps
411 1420 510 1481 rabies,
523 1434 584 1470 cum
595 1419 696 1470 caesar
705 1417 763 1470 tela
771 1423 889 1480 teneret,

170 1483 221 1532 475
234 1485 347 1538 inventa
357 1494 399 1539 est
408 1489 484 1555 prior
493 1488 550 1541 ulla
559 1485 668 1537 manusl
687 1488 766 1537 Tunc
777 1486 909 1538 midnlm
919 1503 969 1539 aer

231 1553 320 1606 Elisus
330 1557 413 1619 lituis,
425 1562 613 1624 conceptaque
626 1555 742 1606 classica
753 1569 853 1607 cornus

232 1623 310 1673 'l'unc
321 1639 404 1674 ausae
416 1624 481 1675 dare
490 1625 667 1692 signatubaet
679 1625 968 1688 tuncaetlreretendit,

231 1690 408 1758 Extremique
419 1691 514 1760 fragor
525 1707 648 1743 convexa
658 1693 757 1759 irrupit
766 1692 886 1760 Olympi,

231 1758 308 1810 Unde
317 1760 414 1827 procul
424 1760 518 1823 nubes,
529 1776 582 1828 quo
594 1761 667 1811 nulla
676 1761 800 1812 tonitrus
808 1760 918 1812 durant.

168 1826 222 1872 ‹ibtl
232 1827 349 1893 Excepit
360 1829 464 1879 resonis
475 1828 622 1880 clamorem
633 1829 746 1880 vallibus
756 1830 865 1893 Aemus,

230 1894 399 1963 Peliacisque
410 1896 485 1949 dedit
496 1913 589 1949 rursus
599 1899 738 1966 geminare
750 1899 887 1950 caverniss

231 1963 333 2016 Pindus
345 1967 402 2032 agit
411 1964 544 2029 fremitus,
555 1967 738 2034 Pangaeaque
744 1981 814 2017 saxa
821 1967 968 2031 resultant,

231 2031 406 2101 Oetaeaeque
416 2041 528 2103 gemunt
539 2051 635 2102 rupes:
653 2049 790 2102 vocesque
801 2034 904 2087 luroris

231 2100 375 2170 Expavere
386 2104 428 2154 sui
437 2110 499 2155 tota
507 2104 604 2155 tellure
613 2103 723 2155 relatas.

170 2168 222 2219 485
234 2167 379 2239 Spargitur
388 2173 558 2224 innumerum
569 2172 683 2223 diversis
693 2171 794 2223 missile
804 2175 885 2223 votis.

231 2239 353 2292 Vulnera
361 2256 425 2308 pars
437 2247 525 2308 optat,
535 2256 599 2309 pars
609 2248 701 2293 terrae
714 2241 798 2308 ligere
808 2241 874 2304 toln,

230 2311 269 2360 Ac
278 2324 360 2377 puras
371 2325 481 2362 servare
491 2326 594 2362 manns.
622 2310 704 2376 Rapit
715 2310 807 2360 omnia
817 2324 909 2374 cuns,

229 2380 317 2445 Atque
326 2379 432 2431 incerta
442 2378 518 2440 facit,
529 2395 597 2447 quos
607 2379 674 2441 mdt,
684 2379 808 2430 Fortuna
822 2387 968 2433 nocentes.

230 2445 284 2497 Sed
296 2454 379 2514 quota
389 2463 452 2514 pars
464 2447 548 2498 cladis
558 2448 654 2498 iaculis
664 2447 793 2515 ierroqne
802 2447 908 2499 volanti

167 2512 219 2562 49⁰
230 2515 337 2567 Exacta
347 2515 407 2568 esti
435 2516 511 2568 Odiis
522 2516 595 2568 solus
607 2515 730 2569 civilibus
740 2517 813 2568 ensis

229 2582 344 2646 Sufficit,
355 2591 384 2636 et
394 2585 505 2636 dextras
515 2585 638 2636 Romana
645 2587 673 2636 in
683 2587 791 2637 viscera
801 2583 886 2636 ducit.

227 2651 352 2720 Pompeii
361 2653 452 2706 densis
463 2654 537 2705 acios
547 2655 648 2720 stipata
658 2655 785 2716 catervis,

226 2722 356 2772 iunxerat
364 2722 392 2772 in
403 2722 499 2774 seriem
512 2724 588 2773 nexis
598 2723 760 2774 umbonibus
771 2736 856 2774 anna
