1980 3074
148 165 198 216 roo
321 164 359 213 Μ.
394 162 495 215 Ass:
531 161 711 215 LUCANl

151 282 249 351 Vergit
260 283 289 333 ln
299 296 429 333 occasus:
448 281 497 332 sod
508 280 616 333 ethaeo
627 297 682 332 non
693 280 817 332 lontibus
828 279 891 333 ullis

151 350 286 404 Solvimrr
306 352 423 401 Arctoos
434 352 504 402 raris
512 350 689 418 Aquilonibus
698 348 802 401 imbres

151 418 267 486 Accipit,
278 425 307 470 et
316 418 417 469 nostrie
429 418 518 470 reiicit
529 433 579 469 sua
589 433 653 469 rura
663 417 777 469 serenis.

155 491 182 540 ln
194 488 283 540 nullas
291 487 404 538 ritiatm
414 501 496 553 opes;
506 502 561 538 non
574 501 648 548 aare,
658 500 748 554 neque
759 500 830 537 euro

91 557 145 610 iii
159 557 336 625 incoquitur,
346 555 419 606 nollo
430 554 572 623 glebarum
583 556 705 618 erimine,
716 568 796 621 pura,

156 628 190 679 iit
235 626 308 676 nitus
317 630 394 676 terra
404 630 454 675 est
473 624 594 676 Tantum
604 624 748 676 Maurusia
756 624 834 691 genti

155 696 195 746 llo
215 693 828 760 oradiviilae‚quarumnonnoveratueums

154 764 209 815 sed
220 762 283 816 eitri
294 767 426 815 contenta
435 762 522 813 comis
531 762 651 824 vivebat,
661 767 691 813 et
702 760 817 813 umbrie.

155 835 185 883 in
197 847 292 883 nemus
300 831 425 899 ignotum
436 836 547 882 nostrae
557 844 658 881 venere
667 844 790 893 monne,

94 900 146 952 eso
157 902 342 968 Extremoque
353 898 447 966 epulas
457 913 621 967 mensasque
631 899 777 966 perivimus
788 896 867 951 orbe.

154 970 189 1020 At
200 982 387 1036 quaecumque
398 983 496 1037 ragam
506 966 610 1034 Syrtim
620 967 815 1035 complectitur
825 981 877 1019 ora

156 1035 211 1089 Sub
223 1037 306 1087 nimio
317 1043 447 1103 porrecta
457 1037 511 1101 dle,
520 1038 611 1089 vieina
622 1038 727 1105 pernati

156 1103 289 1169 Aetheria,
301 1106 391 1157 exurit
400 1121 512 1169 messes,
524 1114 553 1158 et
563 1107 674 1173 pulvere
684 1104 828 1157 Beooirnm

156 1177 272 1239 linerat,
283 1181 311 1227 et
321 1174 394 1227 nulla
404 1176 491 1243 putria
501 1175 594 1227 radice
606 1181 722 1227 tenetur.

95 1245 148 1298 435
159 1245 319 1314 Temperies
328 1245 419 1297 vitalis
428 1244 520 1296 abesto
533 1251 562 1296 et
574 1244 648 1296 nulia
657 1245 707 1296 snb
716 1243 764 1295 illa

158 1317 230 1366 cura
239 1315 311 1366 lovis
321 1320 396 1366 terra
408 1321 464 1366 est:
482 1320 582 1366 natura
590 1313 685 1366 deside
695 1318 792 1379 torpet

157 1384 247 1447 Orbis,
260 1391 288 1435 et
298 1385 418 1435 immotis
428 1398 528 1436 annum
540 1398 595 1434 non
607 1383 691 1435 sentit
700 1383 794 1433 arenis

158 1454 220 1505 lioo
230 1459 287 1505 tarn
297 1453 557 1522 segnesoiumraras
567 1460 660 1504 tamen
670 1451 775 1503 exserit
784 1448 896 1515 irerlres,

159 1524 234 1585 (luas
239 1521 377 1574 Nasamon
387 1521 611 1591 gemduralegir,
617 1521 799 1641 rpuiproxima
807 1526 895 1587 porrio

95 1594 147 1643 4411
159 1591 253 1643 Nudus
265 1607 330 1644 mro
339 1598 423 1655 tenet,
435 1606 516 1660 quern
524 1591 618 1641 mundi
646 1590 746 1643 arbara
755 1589 866 1641 demnis

157 1660 247 1727 Syriis
257 1659 314 1712 alit.
332 1659 402 1712 Nam
414 1660 520 1711 litoreis
531 1660 678 1727 populator
688 1660 781 1710 arenis

157 1730 291 1790 imminet,
303 1734 339 1791 et,
351 1728 425 1779 nulla
436 1736 532 1796 portus
542 1734 673 1798 tangente
685 1728 789 1791 carina,

158 1796 241 1849 Novit
250 1810 326 1863 opes.
344 1794 390 1847 Sic
401 1813 463 1848 oum
474 1803 534 1849 toto
545 1799 712 1850 commercia
722 1797 826 1849 mundo

156 1864 313 1933 Naufragiis
325 1863 495 1918 Nasamones
506 1864 617 1919 habeon
635 1868 698 1919 liae
707 1868 748 1919 ire
761 1868 896 1920 Gaionm

97 1936 148 1985 415
160 1935 238 1985 Dura
247 1933 325 1986 iubet
333 1934 427 1986 virtus.
447 1935 506 1987 iilic
516 1951 615 1988 secura
623 1938 750 1987 inventus

160 2004 321 2067 Ventorum,
331 2002 473 2073 nullasque
483 2006 582 2057 timens
593 2006 689 2058 tellure
701 2004 850 2073 proeellas,

159 2075 317 2141 ¹inquoroos
329 2078 372 2126 est
401 2089 464 2126 assa
475 2080 574 2126 menrs.
591 2073 661 2126 Nam
673 2075 854 2139 noredano,

160 2144 248 2204 Quam
258 2141 372 2212 pelago,
382 2088 475 2210 Kyrtis
484 2143 631 2196 violentias
642 2144 745 2211 accipit
758 2150 901 2197 Anserem.

159 2213 195 2263 Et
204 2218 296 2263 terrae
307 2214 395 2282 magis
405 2212 450 2264 ille
461 2228 572 2265 nocens.
583 2212 646 2264 Non
656 2210 795 2265 montibus
804 2214 883 2265 iilnn

98 2281 149 2330 450
161 2281 286 2333 ,ldvorsis
297 2280 399 2350 frangit
408 2282 508 2349 Lybie,
518 2283 638 2351 seopulis
656 2298 692 2334 ne
701 2282 845 2349 repulsum

159 2351 296 2419 Dissipat,
308 2358 337 2402 et
347 2352 463 2419 liquidas
476 2367 491 2402 e
502 2352 610 2404 turbine
621 2367 653 2404 so
665 2354 703 2404 vit
712 2353 741 2404 in
750 2366 849 2405 eumer

158 2418 216 2471 Neo
226 2420 281 2471 rolt
290 2420 319 2471 in
329 2422 420 2485 silvas,
431 2436 590 2490 annosaque
600 2422 703 2473 robora
713 2427 849 2489 torquens

158 2488 306 2540 Lassamr:
326 2496 403 2557 patet
413 2505 493 2541 omne
503 2490 601 2555 solnm,
612 2491 736 2560 liberque
747 2498 844 2543 meatu

157 2557 278 2610 Aeoliam
289 2559 391 2610 rabiem
403 2560 469 2611 totis
480 2565 593 2611 exercet
602 2558 730 2613 habenis:

96 2624 197 2680 iiiiii
210 2644 262 2678 nnn
275 2627 444 2680 imbriferam
456 2637 584 2681 oontoreo
597 2630 708 2699 pulvere
717 2629 820 2681 nobem

159 2697 190 2747 in
203 2696 304 2749 flexum
316 2697 451 2749 violentus
462 2699 533 2768 agit:
552 2714 616 2768 pars
626 2699 744 2767 piurima
753 2704 849 2751 terrae
