1980 3074
181 213 467 266 aasabim.
503 214 594 267 ΜΒ.
622 216 674 269 lV.
763 215 796 267 09

59 332 122 392 llic,
132 330 177 382 ubi
189 333 243 382 iam
255 331 374 399 Zephyri
387 333 454 384 lines
467 339 495 384 et
505 348 625 386 summus
637 335 747 403 Olympi

58 399 148 452 Cardo
159 405 235 451 tenet
246 399 367 467 Tethyn,
378 403 479 452 vetitae
489 407 685 464 transcurrere,
697 404 796 456 densos

57 468 199 520 Involvere
209 469 321 537 glebam
334 476 545 537 congestumque
558 471 629 522 aeris
639 472 692 522 atri

57 537 112 588 Vix
123 537 221 604 recipit
231 538 436 605 spatium,qu0d
446 544 556 606 separat
568 536 678 590 aethere
688 546 798 591 terram.
822 542 856 594 75

57 607 170 674 lamque
180 605 245 673 pelo
256 620 367 673 pressae
378 606 470 674 larges
481 607 630 658 densantur
638 609 666 657 in
678 609 786 673 imbres,

57 673 252 742 Spissataeque
259 674 358 726 fluunt:
369 689 421 726 nec
429 674 796 740 servantlulminallammas,

58 743 188 804 Quamvis
194 744 291 795 crebra
297 745 410 795 micent:
422 746 574 795 moriuntur
579 743 796 813 fulguranimbis.

57 812 130 863 Hinc
138 811 301 880 imperfecte
313 812 505 880 complectitur
515 826 580 863 aera
590 828 660 881 gyro

57 883 151 943 Arcus,
162 882 208 932 rix
220 881 276 932 ulla
284 883 406 933 variatus
415 880 476 932 luce
487 880 617 943 colerem,
821 886 855 934 80

57 951 251 1017 Oceanumque
264 951 343 1013 bibit,
360 957 509 1018 raptosque
524 951 559 1001 ad
576 950 669 1003 nubila
679 951 778 1005 fluctus

56 1017 182 1081 Pertulit,
195 1026 222 1069 et
235 1018 313 1072 coelo
326 1019 452 1071 diffusum
466 1018 584 1070 reddidit
595 1033 707 1087 aequor.

56 1087 167 1154 lamque
178 1087 348 1153 Pyrenaeae,
361 1103 429 1155 quas
440 1103 584 1156 numquam
597 1089 702 1141 solvere
715 1092 796 1141 Titan

57 1155 176 1218 Evaluit,
185 1154 289 1208 lluxere
300 1157 386 1218 nives,
396 1155 539 1223 fractoque
549 1158 710 1210 madescunt

57 1221 130 1274 Saxa
140 1223 212 1291 gelu.
240 1225 322 1288 Tum,
333 1240 403 1291 quae
413 1223 501 1274 solitis
512 1239 528 1274 e
539 1224 660 1276 lontibus
671 1229 736 1286 exit,
824 1229 856 1278 85

56 1291 117 1342 Non
128 1289 213 1342 habet
222 1293 296 1342 unda
305 1293 378 1342 rias:
393 1298 449 1342 tam
460 1291 551 1358 largas
563 1293 655 1344 alveus
667 1297 754 1344 omnis

56 1361 76 1410 A
89 1360 155 1426 ripis
166 1361 274 1426 accepit
284 1375 377 1426 aquas.
406 1360 463 1409 lam
475 1359 609 1427 naufraga
617 1376 714 1428 campo

58 1428 184 1478 Caesaris
195 1441 271 1478 arma
280 1432 386 1488 natant,
395 1426 513 1491 impulsa
530 1442 565 1477 ue
575 1430 684 1496 gurgite
694 1429 779 1481 multe

57 1497 155 1546 Castra
164 1494 271 1545 labante
282 1494 338 1547 alto
350 1501 408 1546 rest
463 1442 632 1547 antllumina
642 1496 720 1548 valle.

57 1563 118 1614 Non
149 1577 260 1615 ecorum
272 1569 366 1630 raptus
379 1562 432 1613 faci
445 1577 483 1626 es,
495 1579 549 1615 non
561 1563 660 1630 pabula
671 1568 752 1618 mersi
824 1570 856 1623 00

57 1631 118 1683 Ulla
127 1579 220 1684 derunt
229 1631 309 1685 sulci:
324 1637 459 1684 tectarum
470 1647 564 1685 errore
573 1634 676 1686 riarum

57 1701 172 1752 Fallitur
183 1701 298 1754 occultis
309 1716 420 1770 sparsus
430 1703 577 1769 populator
585 1704 613 1754 in
624 1707 706 1773 agris.

57 1771 797 1841 lamque,comessempermagnorumprimamalomm,

57 1837 147 1891 Saeve
156 1839 244 1892 fames
254 1840 363 1892 aderat:
374 1839 502 1908 nulleque
514 1841 643 1896 obsessus
654 1843 688 1896 ab
700 1841 780 1896 hoste

57 1907 137 1961 Miles
151 1910 546 1977 eget3t0toeensnnonpredi
585 1915 676 1964 semit
824 1915 857 1967 00

57 1977 192 2046 anguem
205 1979 341 2030 Cererem.
363 1978 418 2030 Pro
427 1978 525 2046 lucrip
565 1981 708 2034 'databesl

57 2046 120 2101 Non
130 2046 209 2098 deest
220 2046 327 2113 prolate
337 2048 443 2098 ieiunus
452 2048 579 2100 venditor
589 2065 664 2102 aure

56 2115 115 2166 lam
126 2114 222 2166 tumuli
233 2115 370 2183 collesque
380 2115 479 2166 latent:
495 2117 549 2167 iam
560 2117 671 2170 flumina
681 2126 781 2171 cuncta

59 2182 187 2234 Condidit
197 2196 252 2232 uns
261 2183 349 2248 palus,
359 2189 491 2250 vastaque
500 2187 630 2253 voragine
640 2189 747 2239 mersit:

57 2250 320 2317 Absorpsitpenitus
328 2254 679 2367 ruqes,actectaierarurn
806 2258 857 2307 1⁰0

55 2319 174 2382 Detulit,
185 2324 269 2386 atque
278 2319 352 2384 ipsas
383 2319 463 2380 ausit,
474 2317 624 2387 subitisque
634 2321 783 2374 frementes

59 2387 218 2443 Vorticibus
230 2387 392 2438 contorsita
410 2401 459 2436 uas
469 2392 498 2437 et
507 2388 607 2454 repulit
617 2397 709 2441 aestas

58 2459 170 2510 Fortior
180 2457 293 2508 Oceani.
312 2454 403 2506 Neel'
424 2455 522 2506 eebnm
532 2471 645 2525 surgere
656 2461 739 2510 sentit

58 2526 121 2579 Nox
134 2524 347 2592 subiectap0103
364 2539 454 2575 rerum
464 2524 621 2577 discrimina
631 2527 728 2578 miscet

59 2595 197 2648 Delemris
207 2593 277 2646 coeli
288 2592 382 2655 facies,
394 2595 557 2662 iunctaeque
567 2595 706 2646 tenebrae.
808 2599 857 2648 105

58 2663 105 2716 Sic
117 2663 208 2715 mundi
220 2678 284 2730 pars
293 2664 350 2715 ima
358 2663 441 2724 iacet,
453 2677 533 2730 quam
545 2679 617 2716 zona
626 2665 722 2717 nivalis

58 2734 267 2800 Perpetuaeque
278 2737 404 2798 premunt
413 2729 530 2790 hiemem
542 2748 595 2784 nen
607 2733 699 2786 sidera
709 2736 787 2786 coelo
