1980 3074
212 158 262 206 214
384 155 421 204 ll.
457 149 559 203 ANN.
594 150 780 202 Lucani}

210 272 311 340 Aspida
321 271 496 322 somniferam
508 269 613 321 tumida
623 270 730 320 cervice
739 269 848 322 levavit.

212 342 322 393 Plenior
331 338 395 391 huic
405 340 526 406 sanguis,
536 346 566 390 et
577 339 663 389 crassi
672 344 753 406 gutta
762 342 863 390 veneni

213 410 335 463 [luciditr
351 410 380 460 in
391 408 464 459 nulla
474 408 534 474 plus
544 413 587 458 est
597 412 724 474 serpente
735 414 873 458 coactum.

212 482 275 547 ipsu
285 478 385 531 caloris
395 492 479 553 egens
488 476 607 544 gelidum
616 490 671 526 non
681 476 779 527 transit
788 477 818 527 in
829 477 926 530 orbem

153 550 202 601 tut
214 550 318 615 Sponte
329 564 388 607 sua,
399 546 516 614 hiloque
525 552 606 597 tenus
616 545 729 595 metitur
739 559 846 597 arenas.

212 616 266 669 Seu
295 618 336 669 uis
346 618 399 668 erit
409 615 487 666 nobis
496 614 565 665 lucri
576 611 681 680 pudori
700 612 764 664 inde
776 620 909 680 petuntur

213 634 411 752 liuriibyrae
422 691 535 745 mortes,
545 689 574 734 et
584 682 699 733 fecimus
708 683 812 749 Aspida
820 698 953 737 mercem.

216 759 244 807 tt
255 772 309 806 non
320 768 395 806 stare
404 770 482 805 suum
494 754 599 803 miseris
609 766 725 817 passura
734 767 871 816 cruorem,

212 824 397 891 Squamiferos
407 824 503 889 ingens
513 818 712 871 Haemorrhois
723 820 843 886 explicat
854 822 953 875 orbess

153 896 201 945 rte
213 892 300 943 Natus
311 902 340 942 et
349 891 494 957 ambiguae
505 889 610 941 coleret
620 890 666 956 qui
676 886 805 955 Syrtidos
816 905 883 941 arra

211 959 390 1026 t'hersydros,
402 959 537 1025 tractique
548 960 592 1008 via
602 957 724 1009 fumante
735 956 879 1024 Chelydrir

211 1030 247 1079 Et
256 1043 364 1095 semper
376 1032 452 1077 recto
462 1026 586 1093 lapsurus
597 1027 682 1078 limite
694 1025 838 1079 cenchris:

211 1097 336 1147 Pluribus
346 1095 390 1146 ille
403 1097 475 1146 nutis
486 1097 619 1146 variatam
630 1097 751 1163 pingitur
761 1096 861 1159 alvum,

212 1167 299 1227 Quam
311 1166 401 1231 parvis
410 1164 512 1215 tinctus
523 1165 636 1215 maculis
647 1163 796 1217 Thebanus
807 1165 941 1234 Ophites:

151 1236 201 1285 115
212 1234 348 1286 Concolor
360 1234 472 1296 exustis,
484 1239 566 1302 atque
577 1234 742 1285 indiscretus
753 1236 844 1286 arenis

209 1303 400 1370 ammodytes:
419 1304 551 1371 spinaque
563 1304 625 1371 vagi
636 1308 781 1371 torquente
792 1305 943 1357 Cerastae.-

209 1372 246 1423 m
256 1368 368 1437 Scytala
380 1372 482 1439 sparsis
492 1373 575 1423 etiam
586 1386 657 1422 nunc
667 1371 727 1423 sola
738 1373 842 1439 pruinis

210 1442 329 1493 Exrrrius
341 1442 464 1509 positura
473 1456 550 1493 suas:
570 1448 599 1492 et
606 1441 713 1492 torrida
722 1441 838 1508 Dipsas:

210 1512 245 1561 lit
250 1512 374 1577 gravisin
381 1512 519 1579 geminum
525 1525 640 1579 vergens
647 1509 949 1578 caputhmphisbaena:

148 1582 199 1629 tit)
211 1580 247 1631 [it
257 1577 354 1631 Natrix
365 1580 482 1629 riolator
492 1594 589 1646 aquae,
601 1579 739 1648 iaouliqua
749 1580 888 1643 volucres,

210 1648 245 1699 Et
255 1654 399 1699 contentus
410 1649 464 1699 iter
475 1648 564 1699 cauda
573 1648 680 1700 sulcare
690 1648 799 1699 Pariasr

209 1716 319 1783 Oraque
330 1716 487 1768 distendens
499 1716 593 1768 avidus
603 1718 759 1782 spumantia
768 1718 898 1770 Prester:

208 1785 332 1852 Ossaque
342 1784 492 1836 dissolvens
504 1800 565 1835 cum
578 1801 695 1852 corpore
707 1786 835 1838 tabificus
846 1784 932 1857 Seps:

208 1852 346 1921 Sibilaque
359 1851 500 1905 effundens
512 1860 626 1905 cunctas
637 1856 769 1906 terrentia
780 1862 885 1921 pestes,

148 1925 198 1974 '125
210 1925 278 1974 Anto
290 1936 395 1973 venena
406 1937 517 1985 nocens,
529 1922 585 1974 late
595 1924 647 1974 sibi
658 1923 803 1976 submovet
814 1940 897 1978 omne

208 1991 320 2060 Vulgus,
331 1996 360 2043 et
366 1992 394 2042 in
407 2006 493 2044 vacua
503 1998 601 2060 regnat
610 1993 757 2045 Basiliscus
769 2008 863 2047 arena.

208 2061 265 2113 Vos
274 2075 392 2129 quoque,
404 2062 450 2129 qui
460 2062 566 2112 cunctis
576 2063 689 2113 innoxia
698 2063 810 2113 nunrina
819 2066 904 2117 terris

207 2129 332 2197 Serpitis‚
345 2136 442 2182 aurato
453 2130 532 2182 nitidi
541 2129 657 2250 impote,
670 2132 824 2196 Dracones,

207 2198 358 2252 Pestiferos
369 2201 467 2253 ardens
480 2199 547 2252 facit
558 2202 579 2251 A
593 2202 660 2263 rica,
672 2200 772 2253 ducitis
784 2202 873 2254 altum

146 2269 198 2319 73⁰
207 2270 278 2321 hera
289 2285 350 2321 cum
363 2270 466 2336 pennis,
479 2276 656 2338 armentaque
667 2276 729 2321 tota
740 2272 830 2323 secati

207 2338 342 2406 Rumpitis
351 2340 477 2408 ingentes
488 2340 607 2406 amplexi
617 2338 732 2391 verbere
745 2346 852 2394 tauros.

208 2406 266 2459 Nec
277 2414 352 2460 tutus
362 2410 451 2477 spatio
463 2415 506 2461 est
515 2406 640 2475 elephas:
660 2408 732 2460 datis
744 2411 839 2463 omnia
847 2410 922 2465 leto:

206 2475 265 2529 Nec
275 2477 353 2529 vobis
366 2493 435 2546 opus
446 2484 488 2530 est
498 2478 534 2529 ad
544 2478 627 2528 noxia
637 2475 696 2528 fata
706 2491 823 2531 veneno.

206 2546 265 2598 Has
275 2548 348 2599 inter
358 2553 449 2614 pestes
460 2547 529 2598 duro
543 2546 611 2598 Cato
623 2545 708 2598 milite
720 2546 825 2600 siccam

145 2616 195 2665 tub
207 2616 344 2667 Emetitur
353 2618 415 2678 iter,
427 2622 470 2667 tot
480 2616 570 2667 tristia
579 2613 638 2665 fata
647 2631 769 2679 suorum,

207 2684 386 2752 lnffllitasque
396 2684 489 2736 rideas
500 2700 560 2752 par
671 2684 783 2739 volusio
792 2696 912 2741 mortes.
