1980 3074
165 202 199 250 40
338 201 376 250 Μ.
412 199 512 250 ANN.
548 197 728 250 Lucam

105 319 156 372 605
168 321 284 370 Excussi
295 319 421 386 placuere
433 321 500 369 tori:
516 333 581 368 mox
592 317 699 367 reddita
709 318 798 368 ricton

166 389 240 450 Quos
250 389 317 438 libet
326 389 354 438 in
364 387 450 438 saltus
461 387 653 439 comitantibus
664 387 772 453 agmina
781 388 867 437 tauris

164 457 251 507 inrito
263 463 374 523 pastore
386 454 483 506 trahit:
499 457 539 507 sic
549 456 650 505 rii-ibus
660 457 748 521 impar

164 526 291 575 Tradidit
301 526 472 592 Hesperiam,
487 523 672 591 profugusque
683 539 732 590 per
741 523 828 589 Apula
838 540 903 577 rura

163 595 300 645 Brundisii
309 601 384 645 tutas
395 593 554 645 conscendit
563 593 680 658 Magnus
691 593 719 641 in
730 607 815 642 arces.

103 659 154 711 61⁰
166 663 234 714 Urbs
247 671 290 713 est
301 664 423 714 Dictaeis
435 663 498 713 oiim
510 676 638 724 possessa
649 660 762 721 colonis,

165 732 239 793 Quos
251 731 382 800 profugos
394 734 476 782 Creta
486 744 586 781 vexere
596 744 645 794 per
655 745 776 796 aequora
787 745 894 796 puppes

163 802 321 867 Cecropiae,
333 803 434 851 rictum
447 801 566 850 mentitis
578 797 688 848 Thesea
699 797 774 848 reiis.

162 870 223 919 Hac
232 869 304 919 latus
316 876 459 936 angustum
470 870 524 918 iam
537 882 567 918 se
579 868 702 934 cogentis
712 868 740 916 in
751 882 844 917 arcum

162 938 313 1004 Hesperiae
325 944 433 988 tenuem
443 937 571 1004 producit
579 938 607 986 in
619 950 740 1002 aequora
749 935 879 1002 linguam,

102 1002 152 1054 ⁶15
163 1006 317 1057 Hadriacas
328 1005 406 1057 flexis
415 1006 517 1056 claudit
529 1020 599 1071 quae
610 1004 737 1055 cornibus
748 1005 843 1055 undas.

161 1073 219 1124 Nec
230 1082 322 1125 tamen
333 1073 386 1125 hoc
397 1077 480 1125 arctis
490 1075 641 1124 immissum
651 1071 776 1122 faucibus
788 1087 893 1140 aequor

161 1143 261 1194 Portus
272 1151 340 1205 erat,
353 1145 375 1194 si
387 1159 440 1194 non
452 1143 586 1193 uiolentos
597 1141 684 1191 insula
696 1143 782 1191 Coros

161 1213 309 1279 Exciperet
319 1214 402 1274 saxis,
412 1213 556 1278 lapsasque
566 1210 724 1261 refunderet
734 1210 828 1260 undas.

160 1281 232 1331 Hinc
241 1281 315 1332 illinc
326 1288 433 1332 montes
444 1280 606 1346 scoprdosae
619 1280 693 1345 rupis
705 1285 800 1344 aperto

99 1347 149 1399 620
162 1351 298 1417 Opposuit
308 1357 406 1400 natura
416 1351 494 1411 mari,
506 1348 640 1415 datusque
652 1350 777 1409 removit,

159 1420 195 1470 Ut
204 1420 320 1471 tremulo
333 1426 439 1470 starent
450 1424 596 1469 contentae
608 1415 671 1466 sune
684 1419 801 1467 carinae.

158 1489 230 1537 Hinc
240 1488 296 1539 late
310 1495 387 1555 patet
397 1502 476 1539 omne
488 1486 597 1546 fretum,
610 1501 657 1535 seu
669 1486 729 1535 vela
740 1485 865 1536 ferantur

158 1557 188 1606 in
200 1564 305 1622 portus,
316 1559 447 1622 Corcyra,
458 1563 531 1616 tuos,
543 1570 591 1604 scu
603 1555 681 1603 laevo
692 1561 801 1619 petatur

158 1625 247 1690 illyris
258 1627 349 1676 ionias
361 1639 475 1690 vergens
486 1622 654 1689 Epidamnos
664 1623 691 1671 in
703 1624 796 1674 undas.

97 1690 148 1742 625
159 1693 220 1742 Huc
232 1692 298 1760 fuga
307 1699 460 1753 nautarum,
473 1707 534 1742 cum
545 1697 619 1741 totas
632 1691 737 1742 Hadria
746 1693 818 1744 sires

156 1761 253 1823 Morit,
264 1768 292 1812 et
302 1763 329 1811 in
341 1762 425 1810 nubes
436 1761 527 1810 abiere
540 1760 682 1821 Ceraunia,
695 1777 809 1828 cumque

158 1829 293 1896 Spumoso
306 1831 421 1880 Calaber
429 1828 601 1895 perfunditur
612 1843 731 1895 aequore
744 1828 840 1882 Sason.

210 1900 284 1966 Ergo
295 1899 342 1948 ubi
352 1898 425 1948 nulia
435 1899 503 1948 fides
515 1898 595 1948 rebus
606 1905 669 1963 post
679 1905 758 1966 terga
768 1901 882 1965 relictis,

157 1966 215 2018 Nec
226 1967 293 2017 licet
303 1968 335 2016 ad
348 1968 430 2017 duros
440 1968 558 2017 Martem
570 1972 730 2018 convertere
740 1968 844 2032 iberos,

97 2035 147 2085 ⁶30
160 2037 225 2086 cum
238 2037 345 2087 mediae
355 2038 464 2086 iaceant
474 2036 613 2086 immensis
623 2036 756 2086 tractibus
767 2037 862 2103 Alpes:

158 2107 227 2155 ‘rum
240 2105 334 2156 subole
346 2120 379 2157 ex
391 2112 468 2156 tanta
478 2111 580 2165 natum,
593 2106 637 2154 cui
648 2104 753 2154 firmior
765 2114 852 2168 aetas,

155 2173 282 2225 Adfatur:
299 2172 396 2226 Mundi
406 2174 483 2230 iubeo
494 2183 600 2225 tentare
612 2189 738 2224 recessus.

154 2241 326 2310 Euphratem
337 2244 477 2309 Nilumque
487 2259 569 2303 move,
581 2258 632 2307 quo
643 2242 757 2294 norninit
769 2260 853 2310 utque

155 2310 254 2364 Nostri
258 2314 343 2384 samu
354 2312 437 2373 venit,
450 2328 516 2379 qum
526 2320 565 2362 ert
578 2313 693 2378 catigeta
702 2328 754 2377 per
765 2314 846 2364 urben

95 2379 145 2432 635
157 2381 227 2433 Part
238 2398 278 2433 me
288 2381 374 2434 Roma
385 2383 494 2433 ducem:
504 2396 668 2446 :parumper
679 2397 747 2431 rura
759 2384 865 2434 colonae

154 2448 245 2502 Redde
257 2452 328 2502 mari
340 2450 455 2502 Cilicas.-
467 2448 586 2500 Pharios
598 2447 659 2500 irinc
671 2459 782 2501 concute
792 2467 881 2519 reges,

157 2518 182 2572 Τ
226 2537 357 2587 *artemque
368 2535 462 2570 meum.
491 2516 547 2569 Nec
557 2516 708 2570 Pharnacis
724 2535 802 2569 artua
816 2521 897 2572 rediu-

647 2605 704 2648 rcus,

246 2675 297 2719 seo,
307 2674 354 2709 nec
365 2667 395 2707 tu
403 2657 516 2722 populat
527 2604 644 2722 utraqug
654 2666 785 2725 uagantes

274 2743 293 2787 r,
308 2725 441 2792 Pontique
446 2723 528 2795 ferar
537 2742 587 2792 per
596 2725 678 2776 litora
686 2735 790 2792 genter,
