1980 3074
192 163 242 213 124
362 161 392 212 Μ
435 158 535 211 ΛΝΝ.
571 158 749 210 Lucem

132 281 183 330 280
193 279 300 330 Invenit
309 278 449 344 impulsus,
461 291 555 344 presso
566 279 619 327 iam
629 276 748 343 pulvere,
759 290 866 328 muros:

191 348 355 416 Frigidaque
366 352 396 397 ut
405 347 505 396 veteris
516 344 659 412 deprendit
669 345 748 411 signa
756 346 866 409 ruinne;

192 415 323 467 Accendit
333 429 387 482 pax
396 415 457 480 ipsa
465 413 528 476 loci,
538 413 676 479 movitque
686 412 807 464 fororem

192 485 360 550 Pompeiana
370 485 455 551 quies,
468 489 496 533 et
505 482 579 533 victu
589 483 716 543 caesam,
729 496 847 532 somnus.

192 555 236 604 lre
245 552 288 604 vel
297 553 325 603 in
335 551 428 603 clades
438 555 577 618 properat,
588 549 652 600 dum
661 549 762 616 gaudia
771 550 871 603 turbet.

133 623 183 672 285
195 623 338 688 'Perquato
349 621 404 671 ruit
412 620 476 670 inde
486 620 590 670 minan
609 619 654 686 qui
664 618 789 670 Caesaris
799 632 876 671 arms

193 689 308 757 Segnius
319 686 392 738 baud
401 687 478 749 vidit,
490 702 570 755 qoam
582 686 654 737 malo
666 692 751 737 nauto
765 692 902 740 &emente

193 759 291 808 onmia
301 759 414 808 OErceae
423 755 552 807 subducit
560 754 621 805 vela
630 755 780 822 procellose

192 827 358 893 ‚lgminuque
367 825 480 876 interius
492 838 569 875 muro
579 821 705 875 breviore
715 824 828 890 recepit,

193 894 310 944 Densius
320 905 351 943 ut
359 907 444 959 parva
456 893 616 960 disponeret
623 905 701 943 arma
711 904 823 943 cornum

134 962 184 1012 2⁹⁰
246 962 407 1013 Transierat
417 962 496 1027 psimi
507 962 609 1012 Gnesm
617 960 766 1010 munimina
774 959 847 1022 valli,

193 1031 260 1081 Cum
271 1031 457 1096 superstetis
467 1029 556 1081 emisit
566 1028 680 1079 collibus
690 1042 797 1096 agmen,

193 1097 350 1165 Elbidltque
361 1099 435 1149 acles
445 1097 588 1164 obseptum
599 1097 716 1163 Magnus
724 1098 753 1147 in
762 1095 879 1149 bostem.

192 1165 253 1218 Nun
264 1167 303 1217 sic
314 1167 441 1218 Aetnaeis
450 1164 576 1218 habitans
584 1166 613 1215 in
622 1164 736 1216 uallibus
747 1162 844 1216 horret

191 1233 369 1298 Enceladum,
380 1236 501 1302 spirante
510 1233 594 1296 Noto,
604 1248 666 1284 cum
676 1239 737 1284 tota
747 1248 880 1286 cavemus

132 1304 182 1355 295
194 1305 298 1372 Egerit,
308 1309 453 1355 ettorrens
462 1305 491 1353 in
501 1317 612 1369 campos
622 1300 718 1352 defluit
726 1304 827 1353 bema:

192 1374 316 1424 Cuesan's
325 1377 358 1423 ut
365 1371 443 1423 utiles
453 1371 608 1440 glomerato
619 1370 730 1436 pulvere
740 1371 829 1422 victus

190 1444 259 1493 Ante
270 1443 365 1503 aciem,
377 1442 452 1491 casei
462 1440 584 1507 trepidus
594 1440 645 1490 sub
656 1437 727 1490 nube
738 1440 846 1491 dosoris

190 1509 324 1560 Hostibus
335 1511 456 1560 eccunit
466 1509 582 1577 fugiens,
592 1508 673 1575 inque
683 1509 744 1574 ipsu
752 1507 878 1574 pavendo

190 1579 261 1629 Fata
270 1579 333 1628 ruit
362 1578 451 1628 Totus
461 1578 532 1627 mitti
542 1577 664 1628 civilibus
676 1577 758 1626 uronis

130 1645 181 1696 8⁰⁰
191 1647 281 1714 Usque
291 1645 334 1696 vel
343 1646 372 1695 in
383 1660 479 1711 pacem
491 1646 581 1711 potuit
591 1658 686 1695 cruor:
712 1645 773 1712 ipse
787 1643 912 1699 lumbes

190 1715 254 1765 Dux
264 1714 352 1764 tenuit
360 1712 474 1780 gludim.
501 1713 577 1763 Felix
589 1728 621 1763 nc
632 1713 728 1774 libera,
737 1713 829 1780 legum

190 1782 278 1833 Romu
287 1781 361 1832 iures
370 1781 491 1848 iurisque
500 1782 549 1843 tui,
560 1782 670 1832 vicisset
676 1783 705 1833 in
714 1781 762 1832 illo

191 1849 280 1901 Sitibi
291 1848 447 1900 Sullaloco.
464 1849 549 1900 Dolet
558 1848 621 1912 beu,
637 1863 799 1916 semperque
807 1850 924 1915 dolebit,

191 1917 270 1979 Quod
281 1917 422 1978 scelerum,
438 1919 548 1979 causan
563 1917 676 1984 prodest
686 1919 735 1969 tibi
746 1932 852 1970 summa
860 1924 924 1972 tun·

659 2002 728 2048 rum,

130 2053 181 2104 tos
192 2056 258 2105 Cum
269 2069 371 2122 genero
384 2069 520 2121 pugnasse
528 2057 583 2121 pio.
612 2055 679 2117 Pru,
688 2057 780 2106 tristis
788 2054 862 2107 lats!

189 2121 251 2173 Non
261 2123 358 2175 Uticae
368 2122 458 2189 Libye
469 2123 570 2186 clades,
580 2124 715 2191 Hlspunlu
723 2123 844 2176 Mundus

189 2191 308 2255 Flesset,
320 2198 349 2243 et
358 2190 471 2243 infando
481 2192 600 2259 pollutus
608 2193 739 2261 sanguine
749 2190 827 2244 Nilus

189 2258 311 2311 Nobilius
322 2258 423 2313 Phario
434 2266 571 2328 gestasset
581 2274 647 2330 rege
655 2261 786 2313 essisset:

188 2327 247 2380 Nec
256 2329 324 2380 lubu
332 2330 513 2381 lllnrmsrlcos
522 2329 610 2381 nudus
617 2332 761 2397 pressisset
771 2344 881 2394 uenus,

126 2393 178 2446 ⁸1⁰
190 2397 397 2466 Poenorumque
406 2397 517 2450 umbras
529 2398 665 2465 placasset
675 2399 807 2466 sanguim
816 2397 881 2452 tuso

186 2463 292 2532 Scipio:
310 2482 361 2519 nec
370 2474 467 2519 sactu
478 2468 611 2519 cuulssct
620 2469 677 2519 vita
687 2470 801 2519 caune.

185 2534 300 2587 Ultimus
311 2550 372 2587 esse
383 2536 441 2586 dies
451 2536 541 2603 potuit
549 2536 609 2599 tibi,
620 2537 716 2599 Roma,
726 2535 876 2589 melumms

184 2603 268 2655 Exire
278 2618 294 2655 e
303 2604 399 2656 mediis
409 2605 500 2671 potuit
509 2601 652 2656 Pharsalia
660 2605 734 2657 fatis.

236 2671 347 2725 Deseslt
357 2672 473 2724 adsesm
483 2687 637 2740 possessam
649 2675 756 2725 numine
767 2674 861 2725 sedem
