1980 3074
223 238 511 290 Pflnnsncrn.
548 237 697 287 [1113.st
789 234 824 286 45

90 359 227 424 Angustus
237 373 341 424 puppes
354 357 478 407 mittebat
487 357 514 405 in
526 370 645 423 aequora
655 355 741 416 limes,

90 427 197 477 Arctior
209 426 341 487 Euboica,
352 440 406 492 qua
417 423 545 475 Chalcida
555 424 691 485 uerberat,
701 421 781 472 unda.
830 423 882 473 115

89 495 143 544 Hic
154 492 267 544 haesere
278 501 351 545 rates
361 495 494 560 geminae,
505 493 637 558 classique
649 496 759 556 paratas

90 563 231 629 Excepere
242 577 352 613 manus:
364 568 506 628 tractoque
517 561 543 610 in
554 561 635 610 litora
644 560 726 619 bello,

89 631 141 680 Hie
153 632 267 696 primum
280 630 371 680 rubuit
381 631 451 681 civili
463 631 592 696 sanguine
604 627 716 688 Nereus.

90 700 188 749 Cetera
200 699 294 750 classis
305 699 370 761 abit,
381 699 492 749 summis
504 697 622 764 spoliata
632 697 743 747 carinis:

89 769 134 828 Ut,
146 767 289 834 Pagasaea
298 769 364 818 ratis
375 773 483 834 peteret
494 781 555 816 cum
566 763 700 816 Phasidos
712 763 807 827 undas,
830 765 881 816 115

89 837 213 900 Cyaneas
225 837 304 888 tellus
314 837 404 887 emisit
412 838 440 885 in
451 849 572 902 aequora
583 841 691 896 cautes;

89 904 178 969 Rapta
187 920 277 970 puppe
288 906 376 955 minor
387 903 522 955 subducta
532 908 574 953 est
583 901 721 952 montibus
731 902 813 969 Argo,

88 972 218 1040 Vanaque
228 974 363 1040 percussit
373 979 486 1039 pontum
499 970 660 1039 Symplegas
668 971 785 1032 inanem,

88 1042 124 1091 Et
134 1046 241 1092 statura
251 1042 330 1093 redit.
349 1042 406 1092 iam
414 1039 554 1092 Phoebum
566 1055 663 1108 urgere
675 1039 805 1090 monebat

86 1108 147 1160 Non
158 1109 230 1160 idem
241 1111 294 1161 Eoi
305 1109 381 1160 color
392 1108 520 1170 aetheris,
532 1108 647 1175 albaque
657 1106 776 1158 nondum
829 1110 881 1159 120

86 1178 149 1227 Lux
160 1179 247 1240 rubet,
259 1184 288 1229 et
298 1177 420 1229 flammas
432 1178 605 1244 propioribus
617 1176 699 1242 eripit
710 1177 804 1226 astris:

86 1248 184 1297 Etiam
195 1246 285 1298 Pleias
295 1244 385 1310 hebet,
396 1245 458 1296 dexi
468 1247 522 1296 iam
534 1245 655 1310 plaustra
664 1245 772 1294 Bootae

85 1316 115 1365 In
126 1313 224 1364 faciem
238 1315 297 1380 puri
308 1315 422 1365 redeunt
436 1313 593 1379 languentia
603 1311 682 1373 coeli,

84 1384 259 1449 Maioresque
269 1381 354 1432 latent
365 1382 469 1441 stellae,
482 1380 652 1445 calidumque
663 1378 764 1445 refugit

88 1449 200 1500 Lucifer
209 1451 268 1514 ipse
279 1449 359 1498 diem
380 1449 496 1515 Pelagus
507 1448 574 1507 iam,
586 1447 695 1512 Magne,
706 1447 819 1499 tenebas
828 1449 879 1499 125

87 1518 188 1568 Nonea
198 1515 365 1579 intormem,
376 1530 454 1584 quae,
466 1531 526 1566 cum
536 1528 619 1581 super
629 1528 750 1581 aequora
759 1520 819 1567 toto

87 1585 257 1637 Praedonem
269 1599 414 1652 sequerere
424 1586 501 1634 mari.
537 1582 656 1634 [russata
667 1581 810 1651 triumphis

87 1655 218 1705 Destituit
229 1652 341 1704 fortuna
349 1655 411 1705 tuis.
448 1654 514 1706 Cum
526 1653 642 1721 coniuge
654 1652 755 1719 pulsus,

86 1725 122 1775 Et
133 1725 212 1785 natis,
223 1729 352 1790 totosque
364 1720 475 1774 trahens
485 1723 512 1774 in
524 1722 596 1773 bella
606 1727 729 1789 penates,

85 1791 170 1844 Vadis
181 1790 269 1843 adhuc
279 1793 382 1860 ingens,
394 1791 501 1859 populis
509 1791 711 1853 comitantibus,
722 1792 806 1843 exsui.
826 1792 877 1843 tae

85 1862 232 1923 Quaeritur
241 1860 369 1928 indignae
380 1861 459 1912 sedes
469 1861 617 1928 longinqua
625 1861 727 1911 ruinae.

84 1929 154 1992 Non,
166 1931 267 1997 quiete
279 1931 368 1998 superi
380 1931 468 1996 patrio
480 1930 587 1995 privare
597 1927 742 1996 sepulchro

83 1999 238 2058 Maluerint‚
249 1997 366 2048 Phariae
375 1999 456 2049 busto
468 1998 631 2048 damnantur
643 2012 754 2049 arenae:

83 2067 210 2117 Parcitur
216 2067 380 2131 Hesperiam
393 2066 487 2131 procui
498 2064 587 2117 hocut
595 2066 622 2116 in
633 2066 699 2116 orbe-
712 2075 818 2117 remoto

84 2134 241 2184 Abscondat
251 2135 374 2184 Fortuna
382 2132 468 2196 nefas,
480 2134 656 2200 Romanaque
666 2134 746 2184 tellus
826 2135 882 2186 135

86 2201 263 2252 immaculata
276 2202 317 2251 sui
327 2207 450 2250 servetur
462 2203 591 2268 sanguine
602 2203 703 2268 Magni.
