1980 3074
219 241 506 294 PHARSALlA.
541 241 633 325 1418.
659 241 710 293 vl.
781 243 833 294 12⁶1

97 359 235 422 Aeolidae,
246 360 422 427 Dolopesque
432 359 518 410 solum
529 358 636 428 fregere
647 361 746 423 coloni,

97 431 134 481 ut
143 428 307 495 Mangnetes
317 429 402 495 equis,
412 428 523 493 Minyae
534 443 601 495 gens
613 431 724 496 cognita
733 431 823 481 remis.
838 428 889 480 385

98 497 156 548 lllic
166 495 311 547 semiferos
320 496 458 546 Ixionidas
468 496 620 547 Centauros

99 567 187 617 Poeta
197 563 379 616 Pelethroniis
389 564 476 614 nubes
485 563 582 615 effudit
590 564 618 615 in
630 566 723 616 antris.

99 637 203 701 Aspera
213 638 242 683 te
252 631 372 684 Pholoes
382 632 563 700 frangentem,
574 629 723 698 Monycbe,
734 649 810 698 saxa,

98 704 194 771 'leque
204 700 254 753 sub
265 701 371 752 Oetaeo
380 706 554 768 torquentem
562 702 664 752 vertice
674 701 774 765 rubas,

98 769 204 822 Rhoete
215 769 304 831 ferox,
316 785 383 836 quas
392 772 438 820 vix
448 769 553 820 Boreas
563 771 719 832 inverteret,
737 785 828 823 ornos:
839 771 890 822 390

98 840 208 906 Hospes
214 843 243 889 et
248 838 359 890 Alcidae
364 839 464 905 magni,
472 834 660 906 Pholesteque
668 854 717 906 per
723 854 828 892 amnem

98 907 224 973 improbe
235 906 376 958 Lernaeas
386 912 483 958 vector
493 921 607 972 passure
616 908 745 976 sagittas:

99 977 193 1043 Teque
203 990 288 1027 senex
299 977 409 1038 Chiron,
419 974 511 1043 gelido
521 977 567 1043 qui
578 975 668 1027 sidere
678 976 784 1045 fulgens

98 1045 210 1111 impetis
220 1044 349 1095 Aemonio
361 1045 492 1095 maiorem
503 1041 637 1112 Scorpion
647 1061 721 1097 arcu.

99 1114 160 1164 llac
169 1113 267 1164 tellure
278 1112 331 1164 feri
339 1113 493 1164 micuerunt
502 1115 606 1164 semina
614 1113 721 1165 Martis.
838 1113 889 1165 3⁹5

98 1181 206 1233 Primus
218 1182 252 1232 ab
263 1196 400 1249 aequorea
410 1182 546 1248 percussis
558 1182 669 1248 cuspide
681 1183 754 1233 saxis

99 1247 273 1301 Thessalicus
283 1251 401 1316 sonipes,
412 1250 489 1300 bellis
499 1250 629 1300 feralibus
641 1265 729 1311 omen,

100 1317 215 1383 Exiluit5
235 1319 339 1385 primus
351 1316 485 1384 chalyben
496 1317 644 1384 frenosque
654 1318 811 1378 momordit,

99 1386 293 1454 Spumavitque
302 1387 380 1438 novis
390 1384 526 1451 Lapithae
537 1385 680 1435 domitoris
690 1383 811 1435 habenis.

97 1455 190 1506 Prima
199 1453 300 1507 fretum
311 1455 436 1507 scindens
446 1454 589 1519 Pagasaeo
601 1452 681 1503 litere
693 1454 772 1519 pinus
837 1456 889 1504 «10⁰

97 1524 250 1575 Temenum
260 1525 368 1591 ignotas
380 1520 517 1572 hominem
530 1522 646 1587 proiecit
655 1522 682 1570 in
694 1521 788 1572 undas.

98 1592 204 1643 Primus
216 1591 392 1643 Thessalicae
403 1596 497 1642 rector·
506 1589 610 1640 telluris
621 1591 715 1641 Itonos

98 1662 128 1710 ln
139 1659 255 1712 formam
266 1661 370 1712 calidae
380 1659 516 1727 percussit
525 1659 647 1726 pondera
656 1673 771 1721 massae,

97 1729 179 1780 Fudit
190 1735 219 1779 et
229 1735 371 1798 argentum
382 1728 507 1791 flammis,
517 1743 665 1796 annumque
674 1734 784 1780 menete

97 1797 201 1865 Fregit,
213 1804 241 1848 et
252 1800 390 1850 immensis
403 1798 479 1849 coxit
488 1796 645 1848 fornacibus
655 1812 728 1849 aera
836 1799 888 1849 4⁰5

98 1866 165 1929 Illic,
176 1867 249 1934 quud
260 1867 375 1934 populos
386 1867 521 1918 scelerata
528 1866 643 1934 impegit
653 1868 681 1917 in
692 1881 777 1929 arma,

98 1935 215 1986 Divitias
225 1951 369 1987 numerare
380 1936 472 1986 datum
484 1941 534 1985 est.
562 1935 636 1986 Hinc
645 1937 764 1986 maxima
774 1951 829 1988 ser·

570 2018 637 2070 pens

97 2071 250 2124 Descendit
261 2069 577 2138 Python,Cyrrhaeaque
588 2070 666 2123 fluxit
675 2074 703 2123 in
715 2079 793 2123 arvo:

98 2141 175 2193 Unde
187 2145 216 2190 et
226 2136 402 2191 Thessalicae
412 2141 524 2192 veniunt
533 2140 568 2190 ad
578 2139 680 2206 Pythia
689 2141 790 2192 laurus.

98 2209 200 2273 lmpius
211 2205 274 2258 hine
283 2207 387 2274 prolem
398 2208 503 2274 superis
513 2208 625 2260 immisit
634 2209 742 2272 Aloeus,
837 2211 888 2260 410

98 2276 217 2327 inseruit
226 2275 305 2328 celsis
316 2290 403 2342 prope
412 2291 442 2327 se
453 2291 514 2326 eum
523 2276 619 2328 Pelion
629 2279 718 2341 astris,

98 2344 292 2411 Sideribusque
302 2346 360 2396 ries
371 2347 509 2396 inmenens
520 2344 631 2397 abstulit
641 2348 718 2399 Ossa.

149 2414 212 2465 llau
222 2413 269 2464 ubi
281 2415 410 2465 damnata
419 2413 484 2465 fatie
493 2413 591 2466 tellure
600 2415 726 2466 locarunt

98 2483 196 2535 Castra
206 2482 303 2535 duces:
322 2489 436 2534 cunctos
447 2482 510 2534 belli
522 2498 656 2552 praesaga
665 2483 750 2534 futuri

94 2552 174 2602 Mens
185 2553 280 2620 agitat,
291 2554 441 2620 summique
447 2564 557 2621 gravem
565 2549 827 2603 discriminishnram
835 2551 886 2602 415

94 2620 247 2672 Adventare
258 2623 348 2689 palam
360 2628 411 2674 est.
439 2621 556 2688 Propius
567 2623 621 2672 iam
633 2621 692 2671 fata
704 2621 816 2683 moveri,

96 2688 253 2756 Degeneres
262 2691 402 2759 trepidant
412 2691 503 2752 animi,
509 2691 658 2757 peioraque
667 2694 793 2740 versante

94 2757 134 2806 ad
144 2757 240 2810 dubius
250 2762 339 2826 pauci.
350 2763 507 2828 praesumto
518 2756 628 2819 rubore,
640 2773 718 2808 casus
