1994 3082
163 191 196 240 58
329 189 366 242 Μ.
403 187 503 240 ANN.
539 187 719 239 Lucan}

162 307 284 359 Abscidit
293 307 411 373 impulsu
421 315 564 356 ventorum
577 305 670 356 adiuta
681 312 812 369 vetustas,

163 378 275 444 Frangit
286 380 385 426 cuncta
395 389 488 426 ruens:
501 388 551 424 nec
562 380 667 424 tantum
677 389 795 442 corpora
805 390 900 442 pressa

165 445 322 496 Exanimat:
334 450 409 493 totos
420 443 622 508 consanguine
634 442 748 509 dissipat
759 450 842 495 artus.

163 516 198 564 Ut
210 521 301 563 tamen
314 510 427 562 hostiles
438 510 523 562 densa
533 509 670 561 testudine
680 525 774 563 muros

103 583 153 631 tta
164 584 253 632 'recta
263 580 335 632 subit
345 581 440 640 virtus,
453 580 588 645 armisque
597 579 698 630 innexa
709 581 814 646 priores

164 654 246 702 Arma
256 650 360 711 ierunt,
374 648 534 767 paleamque
544 652 670 697 extentus
680 650 801 716 protegit
809 649 902 713 umbo,

165 722 241 781 Quae
254 719 328 785 prius
338 731 371 767 ex
393 731 464 782 ongo
475 722 627 766 nocuerunt
637 716 721 766 missa
729 731 849 779 recessu,

163 790 220 839 lam
233 794 296 852 post
305 793 384 851 terga
391 784 505 835 cadunt:
516 798 568 834 nec
575 782 666 834 Graiis
672 782 902 848 flectereiactum,

164 860 217 908 Aut
227 855 315 906 facilis
324 853 403 905 labor
413 859 455 903 est
466 853 614 919 longinqua
624 851 659 902 ad
669 852 725 903 tola
734 865 824 920 parati

105 927 156 977 480
167 924 310 975 Tormenti
321 927 427 973 mutare
438 920 561 971 modum:
578 920 626 970 sed
639 921 760 986 pondere
771 921 830 973 soio

113 1029 116 1035 -
166 993 303 1054 contenti,
312 989 391 1041 nudis
402 988 530 1040 evolvunt
539 1002 607 1039 saxa
616 989 735 1040 lacertis.

166 1062 238 1112 Dum
248 1060 301 1110 suit
312 1072 448 1110 armonrm
459 1058 553 1119 series,
567 1063 598 1107 ut
610 1057 741 1124 grandine
753 1064 828 1110 tecta

166 1131 286 1180 innocua
296 1141 427 1194 pereussa
436 1131 543 1187 sonant,
554 1126 594 1175 sic
605 1127 696 1177 omnia
706 1126 762 1178 tela

166 1199 292 1264 Respuit:
309 1203 338 1247 at
349 1201 492 1262 postquam
501 1195 588 1244 virtus
597 1195 711 1246 incensa
720 1197 841 1246 virorum

106 1269 156 1319 485
168 1267 332 1333 Perpetuam
343 1265 416 1330 rupit
426 1262 535 1314 defesso
545 1262 630 1314 milite
641 1269 754 1326 cratem,

167 1334 279 1403 Singula
290 1333 424 1384 continuis
435 1338 576 1383 cesserunt
584 1332 684 1382 ictibus
695 1347 779 1384 arma.

75 1400 78 1407 '
167 1406 245 1454 Tunc
256 1403 389 1471 adoperta
398 1402 451 1452 levi
461 1400 587 1467 procedit
595 1402 675 1451 vinea
685 1408 768 1463 terra,

167 1473 222 1524 Sub
234 1474 310 1523 cuius
320 1472 429 1538 pluteis,
440 1476 468 1520 et
478 1476 553 1520 tecta
563 1468 653 1520 fronte
664 1469 782 1520 latentes

165 1541 256 1592 Moliri
268 1557 338 1591 nune
347 1542 404 1591 ima
413 1548 520 1605 parant,
530 1544 559 1588 et
567 1544 675 1588 vertere
685 1537 760 1589 ferro

106 1613 156 1662 ⁴90
167 1611 290 1674 Moenia=
301 1623 372 1658 nuno
383 1609 454 1657 aries
465 1621 597 1673 suspenso
607 1606 707 1657 fortior
715 1608 773 1657 ictu

166 1679 292 1727 incussus
302 1676 378 1725 densi
389 1689 549 1741 compagem
562 1674 667 1724 solvero
677 1677 748 1726 muri

167 1747 277 1805 Tentat,
288 1750 317 1794 et
324 1744 361 1792 im
383 1742 459 1792 oritis
469 1756 551 1791 unum
562 1741 713 1794 subducere
724 1746 805 1794 saxis.

167 1812 219 1862 Sed
232 1825 313 1876 super
323 1816 352 1860 et
361 1758 485 1870 inarmis,
497 1814 525 1859 et
535 1824 650 1876 magnae
662 1810 795 1879 fragmine
806 1813 896 1878 mom,

168 1882 203 1930 Et
213 1878 324 1929 sudibus
335 1875 447 1936 crebris,
458 1882 487 1928 et
497 1876 587 1927 adusti
598 1878 704 1930 roboris
714 1881 771 1931 ictu

105 1949 156 1999 495
169 1949 319 1998 Percussae
331 1945 431 1995 cedunt
442 1953 541 2007 crates,
552 1944 708 2015 fmstraque
718 1948 812 2000 laboro

167 2014 307 2066 Exhausto
319 2013 407 2063 fessus
416 2015 517 2079 repetit
527 2017 646 2065 tentoria
656 2016 741 2067 miles.

218 2080 329 2133 Summa
338 2080 390 2130 tuit
403 2079 502 2142 Graiis,
513 2089 619 2132 starent
628 2091 659 2134 ut
670 2087 786 2149 moenia,
798 2087 864 2136 voti.

167 2153 242 2204 Ultro
255 2151 328 2201 acies
338 2148 439 2199 inferre
450 2156 560 2214 parantx
578 2153 713 2220 armisque
723 2168 853 2204 coruscas

166 2220 298 2272 Nocturni
309 2225 402 2269 texere
413 2216 500 2268 faces:
517 2219 660 2286 audaxque
674 2222 799 2273 iuventus

105 2289 155 2339 500
166 2291 275 2354 Erupitr
286 2303 340 2338 non
351 2285 431 2337 hasta
439 2286 512 2347 siris,
524 2302 576 2337 non
586 2288 677 2340 letifer
688 2305 775 2352 meus,

165 2357 262 2409 Teium
273 2356 383 2407 flamma
392 2354 452 2416 fuit,
462 2357 624 2423 rapiensque
633 2359 760 2409 incendia
772 2365 868 2410 sennis

164 2426 217 2476 Per
228 2426 350 2475 Romana
359 2424 422 2474 tulit
432 2423 515 2475 celeri
526 2426 672 2475 munimina
681 2441 770 2478 cursu.

163 2493 229 2556 Nec,
241 2493 362 2560 quamvis
373 2492 452 2542 viridi
462 2491 697 2556 indemnatione,
708 2495 796 2546 lentas

163 2559 235 2630 ignis
246 2562 303 2628 agit
314 2562 397 2611 vires:
411 2560 476 2610 teda
486 2559 534 2609 sed
545 2569 639 2627 raptus
649 2563 683 2613 ab
696 2566 769 2614 omni

102 2632 153 2684 555
164 2631 344 2697 Consequitur
353 2629 422 2696 nigri
435 2630 556 2694 spatiosa
567 2629 703 2680 volumina
713 2631 794 2682 fumi:

163 2700 218 2751 Nec
231 2699 316 2749 solum
328 2697 418 2753 siivas,
431 2697 478 2746 scd
491 2711 557 2746 saxa
567 2699 688 2764 ingentia
699 2702 788 2762 soluit,
