1980 3074
222 199 509 253 l'llARSAle.
546 202 634 252 ΜΒ.
663 202 714 253 lV.
802 202 836 252 Π

99 317 213 387 Degere,
227 334 306 385 quam
319 319 432 371 tribuis:
443 321 543 388 campis
551 329 695 387 prostrata
702 320 792 373 iacere

98 388 216 454 Agmina
227 397 321 440 nostra
330 400 421 455 putes.-
432 405 513 454 neque
524 388 593 440 enim
600 389 729 460 felicibus
740 391 825 443 armis

98 456 210 508 Misceri
220 459 351 508 darnnala
364 458 444 517 decet,
452 467 613 523 partemque
625 457 756 524 triumphi
843 459 894 510 360

102 525 286 596 {laptosferre
297 528 353 578 tui:
370 525 450 578 turbo
460 525 525 577 iser
533 526 657 596 russata
664 525 780 594 peregit.

99 594 158 647 Hoc
168 595 293 660 petimus,
305 595 387 646 victos
396 613 428 646 ae
440 603 525 646 tecum
537 594 642 646 vincere
650 610 739 660 rogas.

147 664 276 714 Dixerat:
289 671 318 715 at
328 665 429 715 Caesar
440 662 528 714 facilis
538 663 667 730 vultuque
679 678 791 714 serenus

97 733 236 793 Flectitur,
249 739 331 800 atque
343 725 421 782 usur'n
431 732 495 783 belli
508 746 678 798 poenamque
688 733 811 782 remittit.

97 803 131 852 Ut
142 803 257 867 primurn
267 803 356 851 iustae
364 801 526 867 placuerunt
535 800 650 851 foedera
661 801 743 866 pacis,
842 802 891 851 365

97 869 280 920 Incustoditos
292 869 413 921 decurrit
423 869 500 921 miles
513 869 547 920 sd
559 884 665 930 amnes3

99 938 233 989 lacumbit
243 939 319 1003 ripis,
331 939 516 1005 permissaque
528 935 639 987 llumina
648 937 749 987 turbat.

99 1007 248 1057 Continuus
262 1005 353 1058 multis
363 1007 514 1057 subitarum
524 1012 629 1056 tractus
640 1019 770 1073 aquarum

97 1079 167 1126 Aera
176 1090 231 1126 nou
242 1089 338 1140 passus
350 1077 442 1126 vacuis
454 1075 606 1126 discurrere
617 1076 702 1136 venis,

97 1145 219 1195 Arctavit
230 1143 380 1211 clausitque
393 1145 522 1194 arrimam:
533 1158 584 1195 nec
595 1141 701 1193 fervida
710 1145 794 1209 pestis
839 1143 890 1193 310

98 1212 176 1264 Cedit
185 1209 288 1262 adhuc:
300 1212 350 1263 sed
359 1211 471 1264 morbus
481 1227 565 1280 egeus
575 1212 630 1262 iarn
641 1213 748 1279 gurgite
760 1212 846 1278 plenis

99 1281 255 1332 Visceribus
265 1280 316 1330 sibi
328 1281 417 1346 poscit
428 1296 520 1348 aquas.
549 1281 616 1330 Mox
628 1279 729 1330 robora
738 1281 836 1342 nervis,

99 1350 134 1400 Et
144 1350 216 1400 vires
226 1348 332 1399 rediere
342 1349 416 1400 viris.
445 1350 468 1401 0
478 1350 594 1417 prodiga
604 1364 695 1399 rerum

98 1417 242 1477 Luxuries,
252 1431 398 1483 numquam
409 1432 493 1484 parvo
505 1423 635 1469 contenta
646 1423 752 1483 paratu,

98 1488 134 1536 llt
145 1486 329 1552 quaesitorum
339 1490 414 1536 terra
423 1485 574 1554 pelagoque
586 1488 708 1537 ciborum
838 1486 888 1536 375

98 1554 248 1605 Ambitiosa
257 1552 353 1614 fames,
365 1559 394 1604 et
402 1553 494 1606 lautae
504 1555 592 1623 glorio
601 1569 721 1616 mensae,

98 1624 211 1686 Discite,
223 1635 303 1690 qusm
315 1636 399 1688 porro
411 1621 494 1675 liceat
503 1623 655 1689 producere
667 1624 759 1685 ritam,

98 1693 133 1743 Et
142 1697 271 1759 quantum
282 1696 381 1742 nstrrra
391 1697 475 1758 petat.
504 1690 564 1743 Non
576 1693 656 1760 erigit
667 1707 764 1759 aegros

97 1760 200 1812 Nobilis
210 1762 306 1829 ignoto
317 1759 431 1811 diffusus
442 1760 553 1812 consule
563 1759 702 1812 Bacchus:

96 1829 155 1881 Non
167 1845 234 1882 auro
245 1827 409 1898 murrhaque
421 1828 529 1881 bibunt:
541 1829 588 1881 sed
599 1831 706 1898 gurgite
717 1845 785 1896 puro
839 1829 889 1880 380

96 1899 161 1951 Vita
171 1899 250 1950 redit.
271 1897 345 1950 Satis
357 1905 400 1950 est
409 1899 516 1966 populis
527 1897 676 1965 fluviusque
685 1899 829 1965 Ceresque.

97 1968 158 2018 lieu
163 1968 267 2030 miseri,
279 1969 324 2035 qui
335 1967 408 2018 bells
419 1974 525 2035 gerunt.
555 1968 648 2029 Tunc,
664 1981 740 2017 arma
750 1967 829 2019 relin-

585 2051 652 2086 ueus

98 2105 211 2163 Victori,
221 2103 299 2154 miles
307 2102 425 2169 spoliato
435 2110 548 2169 pectore
558 2051 634 2155 tilitas

96 2175 284 2237 lnnocuusque
295 2185 369 2232 suas,
379 2185 505 2222 curarum
516 2170 594 2232 liber,
603 2172 631 2222 in
641 2171 723 2222 urbes
837 2173 888 2223 385

97 2239 246 2307 Spargitur.
277 2238 300 2289 0
313 2244 442 2304 quantum
452 2239 555 2291 donata
564 2254 633 2305 pace
644 2238 758 2304 potitos!

97 2308 225 2361 Excussis
237 2320 365 2373 umquem
377 2304 478 2356 ferrum
487 2305 602 2358 librasse
614 2306 725 2358 lacertis

96 2378 242 2437 l‘ocnituit,
254 2376 388 2426 tolerasse
399 2375 480 2435 sitim,
492 2373 646 2441 frustraque
657 2390 768 2442 rogasse

96 2445 313 2512 prosperaberis
324 2443 399 2497 deos.
427 2441 532 2512 Nempe
543 2445 597 2493 usis
605 2443 696 2494 Marte
707 2443 827 2494 seeundo

96 2519 152 2567 Tot
162 2517 260 2568 dubiae
273 2522 377 2567 restant
389 2517 471 2576 scies,
484 2520 527 2566 tot
536 2515 564 2565 in
575 2516 642 2566 orbe
653 2512 774 2565 labores:

96 2587 131 2636 Ut
142 2601 286 2654 numquam
297 2585 408 2636 fortuna
418 2584 494 2636 labet
504 2584 675 2636 successibus
687 2597 797 2649 auceps,
837 2581 888 2632 390

98 2654 264 2706 Vincendum
277 2656 371 2706 toties:
383 2660 471 2712 terras
483 2652 635 2705 fundendus
644 2655 672 2705 in
685 2667 778 2703 omnes

97 2723 147 2773 Est
158 2739 246 2785 eruor,
260 2730 288 2774 et
299 2724 401 2774 Caesar
409 2738 458 2790 per
469 2729 511 2774 tot
520 2739 571 2774 sua
580 2722 638 2774 iata
647 2721 800 2790 sequendus
