1980 3074
220 127 508 180 Prrnsssnhln.
543 129 633 181 ΗΒ.
658 129 711 181 ΙΧ.
781 130 831 181 21⁹

98 247 157 309 Quo
170 257 196 298 te
205 257 286 314 parte
293 249 364 312 poli,
376 263 428 314 qua
441 257 468 298 te
479 251 574 300 tellure
585 251 693 317 reliqui,

95 317 216 436 {fricat
238 313 348 383 Cyrenis
361 316 441 367 etiam
453 334 524 368 nunc
536 319 630 370 bruma
642 319 759 388 rigebat.

125 385 245 452 tigrane
255 384 299 434 nia
310 387 393 452 legem
406 386 585 437 convertimus
596 388 679 439 anni?
839 384 890 439 815

97 455 169 504 Imm
181 454 209 504 in
221 452 343 503 adversos
354 468 433 504 orer:
446 455 591 506 evolvimur
602 455 680 506 orbe:

100 521 190 591 Terga
201 522 295 572 damus
301 521 431 592 ferienda
450 521 528 574 Noto.
549 521 630 574 Nunc
633 523 759 594 forsitan
769 521 829 589 ipen

568 601 609 643 ert

96 661 148 712 Sub
157 659 269 725 pedibus
279 658 335 710 iam
347 657 434 710 lloma
444 659 515 710 nreie.
537 660 712 731 Solatiasati

97 730 172 779 Haec
180 729 312 795 petimus:
323 727 535 792 neniantboetes,
543 728 693 797 Caesarque
700 738 829 796 sequatur
880 746 882 749 ·

98 798 157 861 Qua
163 798 298 867 fugimus.
318 795 364 848 Sic
375 797 443 848 duro
455 813 519 849 suos
530 800 663 866 patientia
672 804 784 867 questus
836 798 888 848 88⁰

98 869 249 918 Exonerat:
269 867 343 934 cogit
354 871 447 917 tantos
458 867 578 919 tolerare
587 867 696 920 labores

96 935 207 987 Summa
218 935 295 986 ducis
305 937 401 998 virtus,
414 937 458 1002 qui
470 936 542 987 nuda
553 936 629 988 lusus
639 952 724 989 arena

97 1005 231 1067 Excubat,
243 1011 324 1072 atque
338 1006 410 1054 omni
420 1005 571 1056 Fortunam
582 1010 716 1073 provocut
725 1002 802 1054 horn.

95 1075 226 1125 Omnibus
236 1090 305 1124 unus
317 1073 397 1123 adest
407 1072 483 1124 fatis:
504 1089 674 1142 quocumque
685 1079 808 1134 vocatur,

96 1144 220 1203 Advolat,
231 1149 313 1209 atque
323 1143 419 1208 ingens
429 1143 556 1192 meritum
566 1145 707 1209 maiusque
718 1141 805 1192 salute
837 1139 888 1190 885

96 1212 225 1272 Contulit,
234 1212 261 1260 in
274 1211 357 1260 letum
369 1210 454 1260 rires=
475 1209 622 1277 puduitque
633 1214 786 1277 gementem

96 1281 144 1331 lllo
155 1285 226 1330 teste
235 1280 312 1329 mon'.
333 1277 412 1338 Quod
424 1279 465 1328 ius
476 1277 616 1328 habuisset
625 1279 653 1328 in
662 1278 751 1344 ipsum

98 1349 158 1399 Ulla
169 1346 246 1398 luesl
265 1349 350 1397 Casus
361 1346 450 1396 alieno
461 1351 575 1413 pectore
585 1347 679 1408 vincit,

98 1417 297 1483 Spectatorque
309 1414 400 1476 docet,
411 1429 526 1482 magnos
536 1414 572 1465 nil
581 1430 663 1482 posse
675 1414 792 1466 dolores.

98 1486 150 1537 Vix
164 1485 268 1535 miseris
279 1499 369 1534 serum
380 1489 458 1534 tanto
469 1483 573 1535 lassata
584 1483 687 1551 periclo
838 1483 890 1534 890

97 1553 229 1604 Auxilium
240 1553 364 1603 Fortuna
374 1552 457 1603 dedit.
478 1552 552 1604 Gens
563 1553 645 1604 unica
654 1557 743 1604 terras

98 1622 196 1673 incolit
206 1637 223 1671 o
234 1636 316 1672 saevo
328 1626 485 1688 serpentum
495 1623 607 1673 innoxia
616 1637 718 1685 morsu,

96 1690 279 1742 Marmaridae
291 1690 389 1756 Psylli:
411 1706 460 1757 par
470 1691 562 1759 lingua
571 1691 728 1759 potentibus
740 1689 846 1742 herbiss

98 1763 158 1828 lpse
169 1775 251 1811 cruor
260 1766 349 1822 tutus,
361 1760 515 1828 nullumque
525 1759 670 1812 admittere
681 1761 764 1824 virus,

97 1831 148 1881 Vel
160 1835 242 1880 cantu
253 1834 391 1891 cessante,
403 1834 502 1896 potest.
531 1827 637 1882 Natura
645 1829 769 1881 locorum
840 1827 890 1880 895

98 1900 187 1958 lussit,
197 1904 228 1948 ut
238 1898 371 1948 immunes
383 1898 460 1949 mixti
472 1899 644 1965 serpentibus
654 1904 754 1950 essent.

99 1965 214 2026 Proluit,
224 1967 251 2015 in
262 1965 358 2016 mediis
369 1964 462 2016 sedern
472 1967 596 2032 posuisse
606 1967 724 2018 venenis.

100 2035 157 2083 Pax
166 2033 218 2082 illis
228 2048 288 2082 cum
300 2038 388 2082 morte
397 2033 463 2083 dato
472 2039 521 2085 est.
539 2034 654 2085 Fiducia
663 2041 742 2085 tantu
752 2041 795 2088 cst

98 2100 254 2167 Sanguinis:
266 2101 293 2149 in
304 2107 406 2150 terram
417 2115 516 2166 pervus
528 2116 590 2152 cum
600 2101 703 2153 decidit
711 2101 810 2164 iniens,

99 2168 141 2220 Ne
151 2184 204 2236 qua
215 2169 250 2218 sit
260 2174 390 2219 externae
400 2167 514 2220 Veneris
522 2170 642 2221 mixtura
652 2173 788 2229 timentes.
840 2171 891 2221 9⁰0

99 2236 223 2289 Letifera
234 2236 331 2287 dubios
342 2237 487 2302 explorant
496 2236 590 2304 aspide
601 2245 704 2305 partus.

100 2310 188 2374 thue
199 2307 271 2357 loris
281 2304 408 2366 volucer,
420 2304 508 2356 calido
520 2321 581 2356 cum
592 2307 705 2374 protulit
714 2322 768 2360 ovo
804 2334 807 2338 >

99 2376 243 2442 implumes
255 2381 343 2436 natos,
355 2373 421 2425 solis
431 2375 567 2425 convertit
576 2375 604 2425 in
615 2380 703 2426 ortus:

101 2448 152 2508 Qui
163 2451 276 2511 potuere
288 2444 345 2511 pati
355 2442 461 2505 radios,
473 2448 502 2494 et
510 2442 610 2495 lumine
620 2449 697 2496 recto

101 2515 257 2566 Sustinuere
270 2513 340 2564 diem
353 2511 433 2575 coeli,
443 2518 588 2564 servatur
596 2513 625 2564 in
635 2528 714 2578 usus3
843 2513 892 2565 905

102 2584 153 2645 Qui
163 2581 275 2634 Phoebo
287 2596 409 2644 cessere,
419 2582 524 2633 iacent:
534 2582 574 2633 sic
583 2581 700 2650 pignora
708 2583 797 2651 gentis

104 2652 212 2717 Psyllus
223 2650 315 2713 habet,
326 2651 347 2702 si
359 2652 418 2718 quis
429 2657 521 2702 tactos
532 2664 585 2702 non
597 2648 703 2702 horruit
714 2666 825 2720 angues,
