1980 3074
221 202 509 256 PHARSALIA.
546 205 636 255 bill.
664 204 717 256 lx.
782 206 837 256 all

99 323 244 383 Malorum,
255 323 379 372 Fortuna
389 321 449 373 fuit.
465 296 471 386 Ι
478 323 545 383 Quis
555 325 645 375 Marte
657 325 787 386 secundo,

100 391 166 452 Quis
177 395 284 440 tantum
294 392 394 441 meruit
404 391 567 457 populorum
579 393 710 460 sangaiine
719 391 835 444 nomen!

97 460 181 510 Hunc
195 473 247 526 ego
264 473 315 525 per
330 456 435 525 Syrtes,
457 460 619 527 Libyaeque
636 467 760 577 patienia
776 462 824 511 tri·

571 544 615 579 um
656 543 701 579 um

98 597 208 648 Ducere
219 596 370 658 maluerim,
382 611 463 663 quam
473 603 518 646 ter
529 544 665 662 Capitolia
672 612 752 647 curru

99 664 238 716 Scandere
254 665 392 732 Pompeii,
411 680 492 732 quam
508 664 636 783 franglpre
654 665 725 715 colla
740 665 835 732 lugur-

571 739 645 784 tne.
846 733 897 782 000

97 806 171 854 Ecce
184 818 282 868 parens
292 817 373 853 verus
384 802 500 869 patriae,
512 802 684 871 dignissimus
697 805 760 865 aris,

96 873 193 935 Roma,
205 873 275 936 tuis;
291 886 432 940 perquem
442 885 589 940 numquam
599 873 692 924 imaro
705 872 825 939 pudebit,

96 943 133 993 Et
143 955 232 1009 quem,
244 942 266 991 si
277 941 388 992 steteris
399 956 526 1008 umquam
538 943 645 994 cervice
657 942 756 1004 solnta,

96 1012 175 1061 Tunc
187 1010 251 1060 olim
262 1009 371 1062 factura
382 1000 487 1076 deuna)
502 1012 561 1062 lam
572 1012 686 1080 spissior
695 1012 773 1079 ignis,

96 1081 133 1130 Et
142 1079 232 1147 plaga,
244 1095 298 1147 qua
308 1079 408 1130 nullam
419 1080 511 1147 superi
521 1081 681 1132 mortalibus
691 1081 764 1131 ultra
844 1082 895 1131 005

98 1152 117 1198 Α
128 1148 218 1199 medio
229 1147 321 1200 iecere
333 1148 386 1210 die,
398 1148 530 1212 calcatur,
542 1156 571 1200 et
580 1150 655 1201 unda
743 1198 746 1206 ,

96 1219 203 1268 Rarior.
225 1217 356 1268 laventus
366 1217 463 1268 mediis
475 1215 537 1268 fons
549 1235 618 1269 rmus
629 1220 729 1279 arenis,

95 1286 312 1353 Lnrgrisaquae:
324 1285 372 1336 sed
397 1299 460 1335 uem
468 1292 625 1351 serpentum
632 1285 714 1337 turba
722 1287 841 1345 tenebat,

95 1355 149 1406 vix
162 1355 288 1419 capiente
298 1353 370 1404 loco.
410 1353 507 1404 tabant
518 1356 546 1404 in
556 1356 679 1422 margine
691 1356 782 1405 siccae

94 1422 218 1490 Aspidos,
230 1423 258 1472 in
266 1422 363 1472 mediis
375 1422 504 1472 sitiebant
514 1422 651 1489 Dipsades
663 1423 750 1473 undis.
845 1425 895 1474 610

95 1493 212 1553 Ductor,
223 1498 254 1541 ut
266 1490 392 1557 adspexit
402 1491 540 1556 perituros
551 1491 627 1542 fonte
639 1491 745 1543 relicto.

94 1561 268 1628 Adloquiture
293 1558 369 1613 Vana
382 1559 468 1625 specie
479 1560 694 1622 conteremini,

95 1629 134 1680 Ne
145 1629 252 1693 dubita,
264 1630 347 1691 miles,
357 1639 431 1680 lectos
442 1627 554 1680 haurire
564 1629 694 1694 liquores:

94 1699 184 1751 Noxia
193 1708 344 1767 serpentum
355 1708 395 1750 eet
405 1698 528 1752 admixto
539 1699 673 1770 sanguine
681 1701 783 1767 pestis:

96 1769 191 1820 Morsu
207 1769 282 1820 virus
297 1767 403 1829 halent,
418 1768 546 1839 etfntum
558 1769 636 1822 dente
648 1769 802 1822 minantur:
844 1772 893 1821 015

95 1838 197 1890 Pocula
207 1847 292 1890 neorte
304 1848 407 1890 curent.
426 1838 512 1901 Dixit,
526 1838 690 1907 dubiumque
701 1855 833 1891 venenum

96 1909 208 1959 Hausit=
220 1914 249 1959 et
257 1909 285 1958 in
296 1915 357 1959 tota
368 1907 476 1973 Libyae
487 1906 549 1959 fons
558 1925 628 1959 unus
640 1923 725 1960 arena
928 1909 931 1916 '

96 1978 143 2027 lllc
153 1976 214 2038 fuit,
227 1977 261 2026 de
273 1991 326 2043 quo
338 1978 441 2043 primus
452 1977 503 2027 sibi
514 1983 643 2043 posceret
652 1979 761 2029 undam.

150 2044 204 2095 Car
214 2044 337 2108 Libycus
347 2045 431 2095 tantis
442 2045 562 2096 exundet
571 2046 694 2112 pestibus
706 2063 754 2098 aer

96 2111 205 2166 Fertilis
214 2113 242 2162 in
253 2118 364 2174 mortes,
376 2118 423 2162 aut
435 2112 498 2179 quid
508 2120 617 2164 secreta
627 2117 738 2165 nocenti
843 2117 893 2166 620

96 2181 240 2232 Miscuerit
249 2186 350 2230 natura
360 2180 429 2240 solo,
440 2195 494 2229 non
506 2195 573 2231 curn
581 2181 714 2248 laborque

96 2247 199 2300 Noster
208 2249 279 2300 sciro
289 2248 374 2299 valet:
393 2249 443 2297 nisi
456 2247 529 2315 quod
540 2249 652 2316 mlgata
662 2265 712 2316 per
722 2250 815 2303 orbem

96 2317 202 2374 Fabula
212 2332 263 2385 pro
274 2331 341 2368 vera
352 2316 461 2383 decepit
473 2317 584 2368 saecula
596 2333 702 2369 caussa.

96 2387 209 2441 Finibus
221 2387 350 2438 extremis
362 2385 476 2451 Libyes,
486 2384 532 2436 nbi
544 2385 649 2437 fcrdda
658 2387 738 2439 tellus

96 2459 202 2524 Accipit
213 2458 352 2508 Oceanum
365 2455 483 2506 demisso
495 2455 553 2506 sole
565 2455 708 2518 calentem,
843 2458 894 2510 625

96 2526 265 2597 Squalebant
273 2526 330 2577 late
340 2523 530 2592 Phorcynidos
541 2540 607 2576 arva
616 2526 757 2589 Medusae,

96 2595 158 2648 Non
169 2611 310 2648 nemorum
322 2600 449 2663 protecta
461 2609 549 2657 coma,
560 2611 614 2644 non
625 2595 719 2646 mollin
728 2595 813 2658 sulco,

96 2664 151 2716 Sed
162 2665 288 2718 dominae
298 2666 374 2717 vultu
386 2663 541 2732 conspectis
553 2679 652 2731 aspera
662 2667 744 2717 saxis.

95 2735 159 2785 Hoc
170 2737 285 2800 primurn
297 2742 396 2786 natura
406 2748 508 2785 nocens
518 2735 546 2784 in
559 2748 676 2855 corpppe
687 2749 782 2786 saevas

671 2807 685 2852 2
