1994 3082
210 183 500 236 Paestanis.
535 183 626 234 [ΑΒ.
652 185 720 236 vll.
788 187 836 238 145

100 306 161 359 Non
172 311 264 356 umen
275 302 408 355 abstinuit
416 307 547 353 ventures
557 304 675 369 prodere
687 321 767 367 casus

100 377 153 425 l'er
163 374 253 424 varies
263 372 387 424 Fortuna
396 377 485 422 notas.
512 370 582 423 Nam
594 370 800 425 Thessalam-u

99 448 167 496 curn
179 448 313 509 peterent,
324 446 400 492 tetus
413 439 583 491 venientibus
593 441 701 492 obstitit
712 441 822 494 aether·-

101 513 200 581 [lnque
211 508 442 562 oculisbominum
448 507 590 576 fregerunt
600 509 714 561 fulmina
722 511 835 579 nubesz]

101 583 288 646 Adversasque
300 577 385 640 faces,
397 578 585 645 immensoque
594 579 657 644 igne
667 580 817 641 columnas,
853 582 899 631 155

103 653 137 702 lit
148 648 272 701 trabibus
283 648 375 699 mixtis
386 643 635 716 avidosTyphonas
646 662 775 715 aquarum

100 718 215 781 Detulit,
227 723 309 785 atque
320 715 426 776 oeulos,
436 716 543 782 ingesto
554 714 666 778 sulfure,
677 716 782 768 clausit.

101 787 231 839 Excussit
241 787 339 837 cristas
348 783 443 852 galeis,
455 784 621 851 capulosque
631 785 728 836 solutis

100 856 227 908 Perfudit
236 854 343 922 gladiis,
356 858 505 919 ereptaque
515 853 571 919 pila
581 854 702 920 liquavit,

100 923 289 990 Aethereoque
299 937 403 974 nocens
413 920 528 973 fumavit
539 922 641 974 sulfure
652 923 763 975 ferrum.
847 925 899 974 itti

102 995 159 1045 Nec
171 1009 225 1044 non
235 992 377 1042 innumero
390 996 524 1057 cooperta
533 993 658 1043 examine
669 994 755 1062 signa,

102 1065 209 1131 Vixque
220 1061 329 1112 revulsa
339 1060 409 1123 solo,
421 1061 519 1112 maiori
528 1061 650 1127 pondere
662 1078 784 1129 pressum

101 1130 229 1200 Signiferi
238 1145 359 1181 mersere
371 1135 463 1196 caput,
473 1130 596 1181 rorantia
606 1129 681 1192 fletu,

101 1204 191 1269 Usque
204 1200 238 1251 ad
251 1196 423 1250 Thessaliam
434 1199 558 1250 Romana
568 1204 597 1250 et
607 1198 717 1266 publiea
726 1203 811 1268 signa.

100 1271 233 1320 Admotus
244 1268 350 1333 superis
362 1266 486 1318 discussa
496 1267 566 1334 fugit
577 1268 611 1318 ab
624 1283 673 1319 ara
852 1268 898 1318 165

101 1341 220 1399 Taurus,
231 1343 260 1388 et
270 1334 413 1387 Emathios
425 1350 557 1402 praeceps
570 1351 599 1386 se
608 1337 674 1387 iecit
684 1340 711 1388 in
723 1353 818 1405 agros3

101 1405 236 1473 Nullaque
246 1404 361 1457 funestis
371 1407 483 1455 inventa
493 1411 535 1456 est
545 1405 657 1456 victima
665 1408 759 1458 sacris.

152 1472 585 1542 Attu,quosseelerumsuperosi
597 1490 664 1542 quas
672 1477 837 1527 riterocasti

101 1544 276 1606 Eumenidas,
289 1541 406 1594 Caesari
425 1541 516 1610 Stygii
527 1557 597 1610 quae
605 1544 716 1595 numina
725 1560 756 1596 re
792 1546 811 1607 i,

101 1613 293 1679 Infernumque
303 1610 390 1674 nefas,
401 1617 430 1663 et
440 1625 544 1662 mersos
555 1617 638 1664 noete
648 1612 756 1665 furores
849 1617 898 1665 'illl

104 1684 189 1749 lmpia
198 1689 255 1732 tam
266 1695 347 1732 saeve
358 1688 485 1748 gesturus
495 1680 568 1731 bella
577 1681 677 1734 litastif

102 1754 159 1802 lam
171 1750 291 1813 dubium,
302 1750 466 1802 monstrisne
476 1749 566 1813 deum,
577 1751 699 1802 nimione
709 1753 803 1818 paveri

103 1820 288 1872 crediderint:
308 1817 398 1869 multis
411 1833 575 1870 concurrere
586 1823 660 1872 risus
672 1821 790 1888 Olympo

104 1889 214 1951 Pindus,
227 1894 256 1939 et
266 1887 389 1952 abruptis
400 1903 458 1939 mer
477 1889 484 1901 ‘
496 1890 663 1941 convallibus
674 1891 781 1952 Aemus,

103 1959 194 2010 Edere
205 1962 354 2008 nocturnas
364 1956 459 2008 bellil’
481 1957 582 2008 arsalia
592 1975 683 2022 voces,
852 1960 900 2008 1175

105 2030 147 2078 lre
157 2042 207 2094 per
220 2027 353 2078 Ossaeam
363 2027 474 2092 rapidus
485 2027 627 2079 Boebeida
636 2030 760 2095 sanguis:

107 2100 188 2164 lnque
199 2097 286 2146 vicem
295 2093 385 2146 vultus
396 2095 516 2146 tenebris
527 2097 660 2148 mirantur
670 2103 791 2163 opertos,

105 2168 141 2216 Et
153 2165 255 2232 pallere
267 2163 348 2227 diem,
359 2163 498 2230 galeisque
508 2165 666 2218 incumbere
678 2171 797 2227 nectem,

106 2234 311 2302 Defunctosque
322 2238 424 2298 patres,
437 2235 842 2301 ctcunctossanguinisumbras

105 2308 172 2354 Ante
185 2302 280 2354 oculos
289 2301 406 2353 volitare
418 2316 491 2353 suos.
522 2299 577 2352 Sed
587 2303 723 2354 mentibus
733 2318 815 2353 unum
853 2305 902 2352 180

106 2373 168 2423 Hoc
179 2371 301 2423 solamen
311 2375 380 2432 erat,
392 2369 464 2438 quod
475 2370 532 2419 veti
542 2371 623 2422 turba
633 2371 743 2422 nefandi

106 2438 850 2507 Conscia,quaepatrumiugulos,quaepectorafratrum

107 2509 250 2577 Sperabat,
261 2509 365 2578 gaudet
375 2508 504 2558 monstris
514 2511 667 2576 mentisque
677 2509 803 2570 tumultu,

103 2581 192 2647 Atque
208 2593 288 2630 omen
299 2577 433 2628 scelerum
446 2577 551 2630 subitos
562 2584 640 2645 putat
651 2594 711 2629 esse
722 2577 836 2629 furores.

160 2649 232 2709 onio
249 2648 362 2704 animm,
373 2645 503 2712 populos,
516 2662 584 2712 quos
599 2649 645 2699 lux
656 2653 778 2699 extrema
788 2662 844 2697 ma·

579 2717 670 2779 nebat,
853 2717 902 2767 tes

48 2822 52 2827 -
140 2788 306 2838 liucsuus
672 2787 695 2837 K
