1980 3074
184 211 476 268 PHAltSALlA.
514 216 595 267 ΙιΙΒ
634 215 686 267 ΙΧ.
750 217 801 266 207

60 332 191 396 Tollitur,
202 339 231 384 et
241 347 386 398 numquam
396 332 518 384 resoluto
530 335 634 384 vertice
645 335 754 401 pendet.

58 401 155 468 Regna
163 401 239 451 videt
249 415 355 467 pauper
364 399 504 453 Nasamon
515 403 637 454 errantia
645 410 739 464 vento,

58 468 798 538 Discussasquedomossvolitantqueaculmineraptac

57 538 177 588 Detecto
189 537 358 589 Garamante
368 551 458 588 casas.
477 537 538 589 Non
549 538 630 590 altius
640 540 711 606 ignis
806 539 858 589 460

56 607 147 673 Rapta
155 603 244 657 vehite
255 609 439 673 quantumque
449 603 516 657 licet
526 620 693 675 consurgere
702 606 786 661 mmo.

58 676 95 726 Et
105 675 209 726 violare
218 674 299 736 diem,
309 678 403 726 tantus
412 679 490 725 tenet
501 688 567 726 aera
577 675 674 741 pulvis.

57 744 129 795 'l'unr
141 758 248 811 quoque
260 742 414 794 Romanum
426 742 509 796 solito
520 742 667 796 violentius
679 760 695 795 a
742 759 776 794 en

56 812 232 885 Adgreditun
241 811 385 878 nullaeque
396 817 491 879 potest
501 814 653 864 consistere
664 816 699 865 mi
712 829 751 875 es,

56 880 193 934 instabilis
203 882 290 949 raptis
300 881 399 945 etiam,
409 897 477 949 quas
488 881 587 944 calcat,
600 883 698 935 arenis.
806 883 857 933 465

57 953 225 1003 Concuteret
235 956 327 1002 terras
337 949 486 1018 orbemque
497 951 590 1004 assde
600 959 734 1014 moveret,

56 1019 86 1071 Si
97 1019 186 1072 solida
195 1018 286 1087 Libye
297 1033 431 1088 compage
441 1026 470 1071 et
479 1020 601 1087 pondere
613 1020 682 1074 duro

57 1090 204 1142 Clauderet
214 1091 304 1141 exesis
313 1090 443 1140 Austrum
455 1090 602 1156 scopulosa
612 1093 751 1144 rarernisz

56 1156 110 1210 Sed
123 1159 188 1227 quia
197 1157 343 1210 mobilibus
354 1157 442 1209 facilis
454 1159 583 1210 turbatur
592 1161 691 1222 arenis,

56 1226 766 1295 Nusquamluctandostabilisnranet:imaqnetellus
805 1228 854 1276 4ῖο

56 1294 128 1357 Stat,
141 1293 401 1363 quiasurnnrafugit.
421 1294 522 1346 Galeas
534 1301 563 1346 et
572 1297 777 1347 scutarirorunr

55 1364 169 1431 Pilaque
181 1364 317 1414 contorsit
326 1362 447 1414 violento
460 1364 572 1430 spiritus
583 1370 656 1427 actu,

56 1435 234 1499 intentusque
244 1431 308 1482 tulit
319 1432 411 1499 magni
423 1433 573 1498 perinanis
584 1433 663 1484 coeli.

56 1501 126 1553 illud
136 1502 166 1551 in
176 1505 292 1552 externa
301 1499 395 1551 forsan
405 1501 540 1568 longeque
551 1508 658 1554 remota

56 1571 215 1637 Prodigium
227 1569 324 1620 tellure
334 1567 400 1620 fuit:
419 1568 585 1639 delapsaque
598 1570 675 1624 coelo
803 1572 855 1622 4³5

55 1641 136 1691 Arma
145 1640 243 1690 timent
252 1643 357 1707 gentes,
368 1635 560 1707 bominumque
571 1646 668 1709 erepta
677 1640 787 1692 lacertis

54 1711 75 1760 A
87 1709 193 1776 superis
205 1708 324 1760 demissa
334 1713 441 1775 putant
469 1706 570 1760 Sicilia
580 1709 707 1776 profacto

55 1777 188 1830 Sacrifico
200 1778 326 1829 cecidere
336 1776 457 1841 Numae,
468 1793 538 1846 quas
548 1778 621 1831 lecta
630 1781 757 1832 iuventus

55 1847 176 1899 Patricia
186 1849 293 1900 carrica
305 1854 411 1899 moret:
423 1848 591 1914 spoliaverat
599 1851 699 1902 Auster

54 1919 107 1969 Aut
118 1917 224 1968 Boreas
235 1916 351 1985 populos
362 1915 461 1968 ancilia
470 1923 565 1970 nostra
575 1918 704 1970 serentes.
802 1920 853 1973 lat)

55 1985 101 2037 Sic
111 1987 204 2037 orbern
216 1992 362 2054 torquente
373 1985 448 2037 Noto
458 1986 582 2038 Romana
590 1988 717 2039 iuventus

55 2054 214 2116 Procubuit,
225 2061 402 2121 metuensque
413 2055 481 2121 rapi,
494 2057 656 2107 constrinxit
667 2057 792 2120 amictus,

57 2122 227 2188 inseruitque
238 2137 334 2172 manus
344 2129 448 2173 terraer
466 2138 518 2174 nec
529 2124 650 2190 pondere
660 2124 730 2187 solo,

57 2189 111 2241 Sed
123 2191 182 2240 nisu
193 2190 287 2253 iacuit,
299 2190 344 2239 six
356 2191 396 2240 sic
406 2190 552 2242 immobilis
561 2193 677 2244 Austro:

57 2258 109 2320 Qui
119 2272 202 2324 super
212 2259 337 2326 ingentes
349 2257 471 2310 cumulos
482 2259 596 2312 involvit
607 2275 718 2324 arenae,
802 2265 854 2314 485

54 2331 143 2394 Atque
154 2327 243 2394 operit
254 2325 350 2378 tellure
361 2328 442 2378 siros.
462 2327 515 2380 Vix
527 2328 625 2380 tollore
634 2330 710 2382 miles

55 2396 182 2450 Membra
191 2395 273 2459 valet,
285 2396 370 2448 multo
383 2403 514 2465 congestu
526 2397 643 2464 pulveris
653 2396 778 2452 haerens.

55 2466 164 2534 Adligat
174 2472 202 2518 et
214 2471 318 2517 stantes
329 2465 444 2517 adfusae
454 2481 568 2535 magnus
578 2482 678 2520 arenae

54 2539 153 2604 Agger,
165 2543 194 2587 et
203 2536 309 2586 immoti
320 2541 395 2587 terra
406 2547 535 2604 surgente
547 2543 683 2590 tenentur.

55 2604 130 2656 Sara
141 2605 203 2656 tulit
214 2606 322 2672 penitus
333 2606 463 2658 discussis
473 2612 588 2674 proruta
598 2609 691 2671 muris,
801 2612 853 2662 490

54 2673 213 2742 Effuditque
224 2674 328 2742 procul,
339 2675 464 2726 miranda
474 2681 550 2727 sorte
560 2677 707 2728 malorum:

55 2744 108 2804 Qui
120 2743 207 2794 nullas
218 2744 311 2795 ridere
322 2744 429 2808 domos,
440 2745 533 2796 ridere
539 2749 640 2798 ruinas.
