1980 3074
187 226 356 278 CARMEN
383 227 436 277 Ab
464 225 663 276 PISONEM.
740 225 789 273 247

61 344 163 395 Bellica
175 345 255 395 turba
264 351 368 395 manet:
387 361 437 396 nec
449 353 509 396 tota
521 344 649 395 classicus
659 340 757 393 horror

62 413 149 463 Nocte
161 413 257 479 dieque
267 414 363 480 gemit:
382 429 433 464 nec
445 427 551 479 semper
564 412 690 462 Cnossius
702 426 766 461 arcu
799 412 849 459 130

61 483 196 548 Destinat,
208 487 315 532 exemto
327 480 375 532 scd
385 481 461 532 laxat
471 495 573 531 cornua
583 494 676 530 nervo.

62 552 97 600 tlt
107 549 186 616 galea
196 549 271 600 miles
283 555 373 616 caput,
386 556 413 600 et
422 549 494 600 latus
504 563 567 600 ense
578 547 697 599 resolvit.

62 621 124 684 lpsa
133 620 207 668 sices
218 624 316 668 natura
326 618 407 679 subit,
417 619 576 683 variataque
586 630 681 666 cursus

62 687 185 748 ordinat,
197 688 310 738 inversis
322 693 350 736 et
359 685 500 737 frondibus
511 684 631 749 explicat
640 698 748 733 annum.

64 755 122 805 Non
134 771 241 821 semper
250 754 339 806 fluidis
351 754 499 821 adopertus
510 752 625 804 nubibus
636 749 732 802 aether
802 752 853 802 135

63 828 150 874 ‚turea
160 824 286 876 terr-ilicis
298 824 431 875 obcaecat
441 823 531 875 sidera
541 821 646 872 nimbis.

63 895 158 943 Cessat
169 890 263 955 hiems,
275 893 398 944 madidos
411 899 439 945 et
448 893 536 944 siccat
545 906 609 942 vere
620 889 744 956 capillos=

62 962 119 1012 Ver
129 960 199 1029 fugit
209 968 341 1013 aestates:
360 967 496 1013 aestatum
507 967 587 1029 terga
596 959 708 1010 lacessit

61 1030 182 1081 Pontifer
194 1037 350 1093 autumnus,
361 1030 458 1082 nimbis
469 1045 602 1091 cessurus,
615 1034 644 1079 et
652 1028 739 1080 undis.

62 1103 144 1166 lgnea
155 1101 217 1166 quin
229 1102 310 1151 etiam
321 1102 449 1166 superum
459 1105 538 1165 pater
548 1112 624 1149 arma
635 1096 768 1159 recondit,
803 1097 852 1144 140

63 1170 97 1218 Et
110 1168 303 1233 Ganymedeae
314 1175 441 1234 repetens
454 1167 578 1218 convivia
586 1180 706 1225 mensae,

62 1236 165 1286 Pocula
175 1237 256 1287 sumit
266 1252 308 1298 ea,
319 1252 373 1302 qua
383 1236 469 1304 gessit
478 1235 598 1294 fulmina,
610 1233 715 1283 dextra.

62 1303 243 1368 'temporibus
255 1305 356 1354 servire
367 1303 460 1355 decet:
482 1304 526 1368 qui
538 1308 663 1366 tempora
674 1301 755 1351 certis

62 1371 232 1423 Ponderibus
243 1373 375 1438 pensavit,
386 1386 447 1423 eum
459 1371 481 1421 si
492 1369 564 1421 bella
574 1367 720 1430 vocabunt,

63 1441 141 1490 ililes
152 1440 215 1491 erit:
234 1441 258 1490 si
269 1454 332 1506 pax,
344 1440 440 1507 positis
452 1444 518 1505 toga
528 1437 629 1504 gestiet
639 1438 729 1488 armis.
803 1437 853 1485 2145

65 1511 143 1559 Hunc
154 1508 215 1559 fora
227 1514 363 1576 pacatum,
373 1508 520 1560 bellantem
532 1511 623 1556 castra
633 1504 776 1557 decebunt.

64 1579 138 1628 Felix
149 1577 195 1628 illa
206 1577 272 1641 dies,
284 1583 427 1645 totumque
440 1575 562 1626 canenda
571 1589 621 1640 per
631 1573 735 1636 orbem,

64 1650 140 1708 Quae
150 1647 208 1708 tibi,
221 1645 317 1698 vitales
329 1662 389 1697 cunr
399 1645 514 1712 primum
524 1643 647 1694 traderet
657 1658 746 1704 auras,

63 1715 185 1767 Contulit
193 1717 347 1767 innumeras
359 1716 432 1766 intra
442 1720 490 1765 tua
499 1717 613 1781 pectora
624 1713 710 1764 dotes.

64 1787 134 1836 blira
143 1783 237 1837 subest
246 1787 365 1855 gravitas
375 1784 447 1835 inter
457 1781 530 1833 fora:
549 1782 641 1844 mirus,
653 1782 753 1832 omissa
803 1780 853 1829 150

64 1855 204 1921 Paulisper
214 1855 364 1922 gravitate,
374 1853 460 1920 lepos.
488 1850 518 1903 Si
531 1851 652 1902 carmina
661 1849 733 1902 torte

64 1923 181 1974 Nectere
191 1923 295 1975 ludenti
305 1925 373 1974 iuvit
382 1920 517 1972 fluitantia
527 1935 616 1982 versu,

65 1991 176 2041 Aonium
189 1991 276 2042 facilis
288 1990 398 2043 deducit
410 1990 510 2057 pagiua
520 2003 637 2039 carmen.

65 2058 126 2106 Sive
138 2054 235 2122 chelyn
246 2058 337 2124 digitis
347 2063 376 2108 et
386 2057 489 2107 eburno
500 2057 613 2107 verbere
625 2055 725 2122 pulsas,

66 2123 158 2174 Dulcis
168 2123 308 2191 Apollinea
318 2125 439 2242 seguitur
449 2124 585 2174 testudine
597 2128 702 2183 cantus,
805 2123 854 2171 1155

67 2194 102 2242 Et
113 2197 141 2242 te
152 2191 279 2242 credibile
293 2199 335 2241 est
368 2188 457 2241 hoebo
468 2190 595 2241 didicisse
606 2191 746 2257 magistre.

66 2260 123 2311 Nec
134 2259 236 2326 pudeat
249 2258 383 2326 pepulisse
393 2257 490 2323 lyram,
501 2273 561 2308 cum
572 2272 640 2323 pace
651 2271 749 2309 serena

66 2329 179 2380 Publica
189 2329 291 2380 securis
304 2327 439 2379 exsultent
451 2327 508 2377 otia
518 2327 607 2377 terris.

67 2398 124 2449 Nec
136 2396 246 2466 pudeat,
257 2393 388 2448 Phoebea
398 2391 492 2461 chelys
503 2394 526 2445 si
537 2393 656 2445 creditur
665 2392 718 2445 illis

66 2467 170 2518 Pulsari
182 2465 314 2528 nranibus,
327 2463 422 2532 quibus
433 2469 461 2514 et
471 2462 644 2514 contenditur
652 2477 740 2514 arcus
806 2463 858 2515 100

67 2539 126 2602 lpse
138 2536 219 2586 fidem
232 2535 349 2586 movisse
360 2532 440 2584 ferox
451 2537 578 2583 narratur
588 2529 714 2594 Achilles,

67 2606 196 2666 Quamvis
208 2604 281 2655 mille
292 2608 366 2655 rates
379 2602 530 2654 Priameius
541 2605 633 2652 ureret
643 2597 734 2662 heros,

66 2675 102 2723 Et
112 2675 203 2741 gravis
214 2673 387 2740 obstreperet
396 2669 544 2722 modulatis
554 2669 671 2722 buccina
678 2668 776 2738 nervis.

66 2741 114 2791 lllo
125 2741 203 2792 dulce
214 2743 301 2793 melos
312 2739 427 2792 Nereius
439 2739 535 2791 extulit
546 2736 627 2789 heros
