<?xml version="1.0" encoding="UTF-8"?>
<!DOCTYPE html PUBLIC "-//W3C//DTD XHTML 1.0 Transitional//EN"
    "http://www.w3.org/TR/xhtml1/DTD/xhtml1-transitional.dtd">
<html xmlns="http://www.w3.org/1999/xhtml" xml:lang="en" lang="en">
 <head>
  <title>
</title>
<meta http-equiv="Content-Type" content="text/html;charset=utf-8" />
  <meta name='ocr-system' content='tesseract 3.04.00' />
  <meta name='ocr-capabilities' content='ocr_page ocr_carea ocr_par ocr_line ocrx_word'/>
</head>
<body>
  <div class='ocr_page' id='page_1' title='image "./pharsaliacumind00lucagoog_0024.png"; bbox 0 0 1980 3074; ppageno 0'>
   <div class='ocr_carea' id='block_1_1' title="bbox 93 205 699 260">
    <p class='ocr_par' dir='ltr' id='par_1_1' title="bbox 93 205 699 260">
     <span class='ocr_line' id='line_1_1' title="bbox 93 205 699 260; baseline 0.005 -3"><span class='ocrx_word' id='word_1_1' title='bbox 93 206 384 258; x_wconf 65' lang='lat' dir='ltr'>Prinassum.</span> <span class='ocrx_word' id='word_1_2' title='bbox 419 205 510 257; x_wconf 57' lang='lat' dir='ltr'>lilii.</span> <span class='ocrx_word' id='word_1_3' title='bbox 537 209 557 258; x_wconf 92' lang='grc'>1.</span> <span class='ocrx_word' id='word_1_4' title='bbox 666 208 699 260; x_wconf 74' lang='grc'><strong>14</strong></span> 
     </span>
    </p>
   </div>
   <div class='ocr_carea' id='block_1_2' title="bbox 70 323 760 2803">
    <p class='ocr_par' dir='ltr' id='par_1_2' title="bbox 70 323 759 599">
     <span class='ocr_line' id='line_1_2' title="bbox 71 323 759 393; baseline 0.004 -15"><span class='ocrx_word' id='word_1_5' title='bbox 71 342 106 390; x_wconf 87' lang='lat' dir='ltr'>es,</span> <span class='ocrx_word' id='word_1_6' title='bbox 117 323 285 393; x_wconf 86' lang='lat' dir='ltr'>horrensque</span> <span class='ocrx_word' id='word_1_7' title='bbox 296 325 361 377; x_wconf 84' lang='lat' dir='ltr'>loris</span> <span class='ocrx_word' id='word_1_8' title='bbox 371 325 500 377; x_wconf 84' lang='lat' dir='ltr'>altaribus</span> <span class='ocrx_word' id='word_1_9' title='bbox 512 327 610 388; x_wconf 84' lang='lat' dir='ltr'>llesus,</span> <span class='ocrx_word' id='word_1_10' title='bbox 708 328 759 382; x_wconf 87' lang='grc'>444</span> 
     </span>
     <span class='ocr_line' id='line_1_3' title="bbox 71 392 639 460; baseline 0 -12"><span class='ocrx_word' id='word_1_11' title='bbox 71 396 129 448; x_wconf 83' lang='lat' dir='ltr'>unia</span> <span class='ocrx_word' id='word_1_12' title='bbox 140 392 288 460; x_wconf 77' lang='lat' dir='ltr'>Scythicae</span> <span class='ocrx_word' id='word_1_13' title='bbox 299 409 354 446; x_wconf 89' lang='lat' dir='ltr'>non</span> <span class='ocrx_word' id='word_1_14' title='bbox 363 395 457 446; x_wconf 81' lang='lat' dir='ltr'>mitior</span> <span class='ocrx_word' id='word_1_15' title='bbox 467 409 516 444; x_wconf 88' lang='lat' dir='ltr'>ara</span> <span class='ocrx_word' id='word_1_16' title='bbox 525 395 639 448; x_wconf 84' lang='lat' dir='ltr'>Dianae.</span> 
     </span>
     <span class='ocr_line' id='line_1_4' title="bbox 70 461 700 599; baseline -0.003 -14"><span class='ocrx_word' id='word_1_17' title='bbox 70 461 700 599; x_wconf 53' lang='lat' dir='ltr'>lil’llgll‘itllmllltitllffl‘m</span> 
     </span>
     <span class='ocr_line' id='line_1_5' title="bbox 605 571 612 595; baseline 0 0"><span class='ocrx_word' id='word_1_18' title='bbox 605 571 612 595; x_wconf 83' lang='grc'><strong>1</strong></span> 
     </span>
    </p>

    <p class='ocr_par' dir='ltr' id='par_1_3' title="bbox 71 599 760 1288">
     <span class='ocr_line' id='line_1_6' title="bbox 71 599 546 663; baseline -0.004 -9"><span class='ocrx_word' id='word_1_19' title='bbox 71 601 184 654; x_wconf 84' lang='lat' dir='ltr'>aeecuri</span> <span class='ocrx_word' id='word_1_20' title='bbox 194 599 303 651; x_wconf 78' lang='lat' dir='ltr'>fudistis</span> <span class='ocrx_word' id='word_1_21' title='bbox 314 603 442 663; x_wconf 88' lang='lat' dir='ltr'>earmina,</span> <span class='ocrx_word' id='word_1_22' title='bbox 453 600 546 652; x_wconf 87' lang='lat' dir='ltr'>Bardi.</span> 
     </span>
     <span class='ocr_line' id='line_1_7' title="bbox 71 666 760 737; baseline 0.004 -15"><span class='ocrx_word' id='word_1_23' title='bbox 71 669 231 722; x_wconf 85' lang='lat' dir='ltr'>barbaricos</span> <span class='ocrx_word' id='word_1_24' title='bbox 241 670 318 732; x_wconf 73' lang='lat' dir='ltr'>mura,</span> <span class='ocrx_word' id='word_1_25' title='bbox 329 666 487 737; x_wconf 76' lang='lat' dir='ltr'>moremque</span> <span class='ocrx_word' id='word_1_26' title='bbox 497 670 635 722; x_wconf 80' lang='lat' dir='ltr'>sinistrum</span> <span class='ocrx_word' id='word_1_27' title='bbox 709 675 760 726; x_wconf 78' lang='grc'>454</span> 
     </span>
     <span class='ocr_line' id='line_1_8' title="bbox 71 738 664 806; baseline 0.002 -15"><span class='ocrx_word' id='word_1_28' title='bbox 71 754 121 802; x_wconf 86' lang='lat' dir='ltr'>um,</span> <span class='ocrx_word' id='word_1_29' title='bbox 131 738 262 800; x_wconf 78' lang='lat' dir='ltr'>Druidae,</span> <span class='ocrx_word' id='word_1_30' title='bbox 272 740 369 806; x_wconf 81' lang='lat' dir='ltr'>positis</span> <span class='ocrx_word' id='word_1_31' title='bbox 380 740 518 806; x_wconf 80' lang='lat' dir='ltr'>repetistis</span> <span class='ocrx_word' id='word_1_32' title='bbox 529 739 564 789; x_wconf 90' lang='lat' dir='ltr'>ab</span> <span class='ocrx_word' id='word_1_33' title='bbox 574 742 664 792; x_wconf 87' lang='lat' dir='ltr'>armis.</span> 
     </span>
     <span class='ocr_line' id='line_1_9' title="bbox 71 807 553 870; baseline -0.006 -9"><span class='ocrx_word' id='word_1_34' title='bbox 71 823 129 861; x_wconf 83' lang='lat' dir='ltr'>oeae</span> <span class='ocrx_word' id='word_1_35' title='bbox 140 807 216 869; x_wconf 85' lang='lat' dir='ltr'>deos,</span> <span class='ocrx_word' id='word_1_36' title='bbox 228 814 257 859; x_wconf 84' lang='lat' dir='ltr'>et</span> <span class='ocrx_word' id='word_1_37' title='bbox 266 808 337 859; x_wconf 88' lang='lat' dir='ltr'>coeli</span> <span class='ocrx_word' id='word_1_38' title='bbox 347 810 457 858; x_wconf 86' lang='lat' dir='ltr'>numina</span> <span class='ocrx_word' id='word_1_39' title='bbox 467 807 553 870; x_wconf 85' lang='lat' dir='ltr'>robis,</span> 
     </span>
     <span class='ocr_line' id='line_1_10' title="bbox 71 876 648 929; baseline -0.002 0"><span class='ocrx_word' id='word_1_40' title='bbox 71 879 92 929; x_wconf 86' lang='lat' dir='ltr'>is</span> <span class='ocrx_word' id='word_1_41' title='bbox 102 877 210 928; x_wconf 75' lang='lat' dir='ltr'>nescim</span> <span class='ocrx_word' id='word_1_42' title='bbox 220 876 327 928; x_wconf 85' lang='lat' dir='ltr'>datum:</span> <span class='ocrx_word' id='word_1_43' title='bbox 346 891 459 928; x_wconf 86' lang='lat' dir='ltr'>nemora</span> <span class='ocrx_word' id='word_1_44' title='bbox 470 876 526 928; x_wconf 83' lang='lat' dir='ltr'>alta</span> <span class='ocrx_word' id='word_1_45' title='bbox 535 880 648 928; x_wconf 87' lang='lat' dir='ltr'>remotis</span> 
     </span>
     <span class='ocr_line' id='line_1_11' title="bbox 72 945 577 1009; baseline -0.002 -11"><span class='ocrx_word' id='word_1_46' title='bbox 72 945 173 998; x_wconf 86' lang='lat' dir='ltr'>elueia.</span> <span class='ocrx_word' id='word_1_47' title='bbox 191 945 278 997; x_wconf 81' lang='lat' dir='ltr'>Vobis</span> <span class='ocrx_word' id='word_1_48' title='bbox 289 946 454 1009; x_wconf 81' lang='lat' dir='ltr'>auctoribus,</span> <span class='ocrx_word' id='word_1_49' title='bbox 466 946 577 997; x_wconf 78' lang='lat' dir='ltr'>umbrae</span> 
     </span>
     <span class='ocr_line' id='line_1_12' title="bbox 72 1013 759 1083; baseline -0.003 -15"><span class='ocrx_word' id='word_1_50' title='bbox 72 1016 136 1068; x_wconf 80' lang='lat' dir='ltr'>ritae</span> <span class='ocrx_word' id='word_1_51' title='bbox 147 1014 231 1065; x_wconf 82' lang='lat' dir='ltr'>Erebi</span> <span class='ocrx_word' id='word_1_52' title='bbox 242 1015 321 1065; x_wconf 85' lang='lat' dir='ltr'>sedes</span> <span class='ocrx_word' id='word_1_53' title='bbox 333 1015 457 1083; x_wconf 82' lang='lat' dir='ltr'>Ditisque</span> <span class='ocrx_word' id='word_1_54' title='bbox 468 1013 594 1081; x_wconf 79' lang='lat' dir='ltr'>profundi</span> <span class='ocrx_word' id='word_1_55' title='bbox 708 1018 759 1067; x_wconf 90' lang='grc'><strong>455</strong></span> 
     </span>
     <span class='ocr_line' id='line_1_13' title="bbox 78 1084 653 1152; baseline -0.002 -16"><span class='ocrx_word' id='word_1_56' title='bbox 78 1096 164 1152; x_wconf 84' lang='lat' dir='ltr'>regna</span> <span class='ocrx_word' id='word_1_57' title='bbox 175 1088 283 1150; x_wconf 82' lang='lat' dir='ltr'>petunt:</span> <span class='ocrx_word' id='word_1_58' title='bbox 294 1084 365 1151; x_wconf 78' lang='lat' dir='ltr'>regit</span> <span class='ocrx_word' id='word_1_59' title='bbox 375 1085 447 1134; x_wconf 86' lang='lat' dir='ltr'>idem</span> <span class='ocrx_word' id='word_1_60' title='bbox 457 1085 568 1151; x_wconf 83' lang='lat' dir='ltr'>spiritus</span> <span class='ocrx_word' id='word_1_61' title='bbox 579 1091 653 1135; x_wconf 86' lang='lat' dir='ltr'>artus</span> 
     </span>
     <span class='ocr_line' id='line_1_14' title="bbox 72 1152 595 1220; baseline -0.002 -16"><span class='ocrx_word' id='word_1_62' title='bbox 72 1153 116 1204; x_wconf 73' lang='lat' dir='ltr'>ior</span> <span class='ocrx_word' id='word_1_63' title='bbox 128 1152 227 1219; x_wconf 81' lang='lat' dir='ltr'>longae</span> <span class='ocrx_word' id='word_1_64' title='bbox 237 1153 378 1213; x_wconf 80' lang='lat' dir='ltr'>(canitissi</span> <span class='ocrx_word' id='word_1_65' title='bbox 389 1154 511 1220; x_wconf 78' lang='lat' dir='ltr'>cognita)</span> <span class='ocrx_word' id='word_1_66' title='bbox 523 1153 595 1203; x_wconf 78' lang='lat' dir='ltr'>sitae</span> 
     </span>
     <span class='ocr_line' id='line_1_15' title="bbox 72 1220 699 1288; baseline 0 -16"><span class='ocrx_word' id='word_1_67' title='bbox 72 1221 150 1273; x_wconf 84' lang='lat' dir='ltr'>ncdla</span> <span class='ocrx_word' id='word_1_68' title='bbox 171 1226 220 1272; x_wconf 90' lang='lat' dir='ltr'>est.</span> <span class='ocrx_word' id='word_1_69' title='bbox 263 1222 343 1272; x_wconf 77' lang='lat' dir='ltr'>Certe</span> <span class='ocrx_word' id='word_1_70' title='bbox 364 1222 470 1288; x_wconf 83' lang='lat' dir='ltr'>populi,</span> <span class='ocrx_word' id='word_1_71' title='bbox 494 1235 562 1288; x_wconf 87' lang='lat' dir='ltr'>quos</span> <span class='ocrx_word' id='word_1_72' title='bbox 583 1220 699 1287; x_wconf 72' lang='lat' dir='ltr'>despicit</span> 
     </span>
    </p>

    <p class='ocr_par' dir='ltr' id='par_1_4' title="bbox 72 1291 758 2803">
     <span class='ocr_line' id='line_1_16' title="bbox 438 1291 546 1350; baseline -0.009 -10"><span class='ocrx_word' id='word_1_73' title='bbox 438 1291 546 1350; x_wconf 77' lang='lat' dir='ltr'>Arctos,</span> 
     </span>
     <span class='ocr_line' id='line_1_17' title="bbox 80 1357 514 1423; baseline -0.009 -14"><span class='ocrx_word' id='word_1_74' title='bbox 80 1371 173 1409; x_wconf 89' lang='lat' dir='ltr'>errore</span> <span class='ocrx_word' id='word_1_75' title='bbox 184 1372 244 1420; x_wconf 88' lang='lat' dir='ltr'>suo,</span> <span class='ocrx_word' id='word_1_76' title='bbox 255 1372 323 1423; x_wconf 86' lang='lat' dir='ltr'>quos</span> <span class='ocrx_word' id='word_1_77' title='bbox 332 1357 377 1407; x_wconf 91' lang='lat' dir='ltr'>ille</span> <span class='ocrx_word' id='word_1_78' title='bbox 386 1358 514 1408; x_wconf 83' lang='lat' dir='ltr'>timorum</span> 
     </span>
     <span class='ocr_line' id='line_1_18' title="bbox 72 1424 758 1494; baseline -0.001 -16"><span class='ocrx_word' id='word_1_79' title='bbox 72 1424 182 1478; x_wconf 86' lang='lat' dir='ltr'>nahaud</span> <span class='ocrx_word' id='word_1_80' title='bbox 192 1431 281 1494; x_wconf 79' lang='lat' dir='ltr'>urget,</span> <span class='ocrx_word' id='word_1_81' title='bbox 292 1425 339 1475; x_wconf 88' lang='lat' dir='ltr'>leti</span> <span class='ocrx_word' id='word_1_82' title='bbox 351 1431 447 1476; x_wconf 88' lang='lat' dir='ltr'>metus.</span> <span class='ocrx_word' id='word_1_83' title='bbox 474 1425 540 1475; x_wconf 89' lang='lat' dir='ltr'>lnde</span> <span class='ocrx_word' id='word_1_84' title='bbox 554 1425 647 1475; x_wconf 87' lang='lat' dir='ltr'>ruendi</span> <span class='ocrx_word' id='word_1_85' title='bbox 709 1427 758 1477; x_wconf 81' lang='lat' dir='ltr'>llill</span> 
     </span>
     <span class='ocr_line' id='line_1_19' title="bbox 72 1494 671 1562; baseline -0.003 -16"><span class='ocrx_word' id='word_1_86' title='bbox 72 1509 106 1546; x_wconf 84' lang='lat' dir='ltr'>rm</span> <span class='ocrx_word' id='word_1_87' title='bbox 117 1510 192 1546; x_wconf 85' lang='lat' dir='ltr'>mens</span> <span class='ocrx_word' id='word_1_88' title='bbox 203 1509 290 1562; x_wconf 83' lang='lat' dir='ltr'>prona</span> <span class='ocrx_word' id='word_1_89' title='bbox 299 1494 372 1555; x_wconf 74' lang='lat' dir='ltr'>siris,</span> <span class='ocrx_word' id='word_1_90' title='bbox 384 1495 542 1560; x_wconf 74' lang='lat' dir='ltr'>animaeque</span> <span class='ocrx_word' id='word_1_91' title='bbox 556 1507 671 1560; x_wconf 77' lang='lat' dir='ltr'>capaces</span> 
     </span>
     <span class='ocr_line' id='line_1_20' title="bbox 72 1561 621 1633; baseline 0.004 -21"><span class='ocrx_word' id='word_1_92' title='bbox 72 1583 74 1612; x_wconf 86' lang='lat'>:</span> <span class='ocrx_word' id='word_1_93' title='bbox 86 1570 115 1615; x_wconf 86' lang='lat' dir='ltr'>et</span> <span class='ocrx_word' id='word_1_94' title='bbox 123 1565 260 1633; x_wconf 79' lang='lat' dir='ltr'>ignavum,</span> <span class='ocrx_word' id='word_1_95' title='bbox 272 1561 410 1613; x_wconf 84' lang='lat' dir='ltr'>rediturae</span> <span class='ocrx_word' id='word_1_96' title='bbox 420 1576 534 1630; x_wconf 81' lang='lat' dir='ltr'><strong>parcere</strong></span> <span class='ocrx_word' id='word_1_97' title='bbox 545 1563 621 1614; x_wconf 82' lang='lat' dir='ltr'>vitae</span> 
     </span>
     <span class='ocr_line' id='line_1_21' title="bbox 78 1631 536 1701; baseline -0.004 -17"><span class='ocrx_word' id='word_1_98' title='bbox 78 1634 224 1701; x_wconf 76' lang='lat' dir='ltr'>cirrigeros</span> <span class='ocrx_word' id='word_1_99' title='bbox 234 1631 311 1683; x_wconf 82' lang='lat' dir='ltr'>bellis</span> <span class='ocrx_word' id='word_1_100' title='bbox 323 1646 418 1683; x_wconf 87' lang='lat' dir='ltr'>arcere</span> <span class='ocrx_word' id='word_1_101' title='bbox 429 1633 536 1698; x_wconf 79' lang='lat' dir='ltr'>Caycos</span> 
     </span>
     <span class='ocr_line' id='line_1_22' title="bbox 72 1699 603 1770; baseline -0.002 -17"><span class='ocrx_word' id='word_1_102' title='bbox 72 1703 99 1764; x_wconf 83' lang='lat' dir='ltr'>ti,</span> <span class='ocrx_word' id='word_1_103' title='bbox 109 1703 202 1769; x_wconf 80' lang='lat' dir='ltr'>petitia</span> <span class='ocrx_word' id='word_1_104' title='bbox 213 1701 336 1763; x_wconf 83' lang='lat' dir='ltr'>Romam,</span> <span class='ocrx_word' id='word_1_105' title='bbox 347 1699 486 1770; x_wconf 79' lang='lat' dir='ltr'>Rhenique</span> <span class='ocrx_word' id='word_1_106' title='bbox 497 1700 603 1753; x_wconf 75' lang='lat' dir='ltr'>feroces</span> 
     </span>
     <span class='ocr_line' id='line_1_23' title="bbox 72 1770 757 1838; baseline 0 -17"><span class='ocrx_word' id='word_1_107' title='bbox 72 1771 186 1838; x_wconf 79' lang='lat' dir='ltr'>loripes,</span> <span class='ocrx_word' id='word_1_108' title='bbox 197 1776 226 1822; x_wconf 89' lang='lat' dir='ltr'>et</span> <span class='ocrx_word' id='word_1_109' title='bbox 235 1776 360 1837; x_wconf 85' lang='lat' dir='ltr'>apertum</span> <span class='ocrx_word' id='word_1_110' title='bbox 370 1771 496 1838; x_wconf 86' lang='lat' dir='ltr'>gentibus</span> <span class='ocrx_word' id='word_1_111' title='bbox 508 1771 611 1821; x_wconf 89' lang='lat' dir='ltr'>orbem.</span> <span class='ocrx_word' id='word_1_112' title='bbox 706 1770 757 1821; x_wconf 81' lang='grc'><strong>465</strong></span> 
     </span>
     <span class='ocr_line' id='line_1_24' title="bbox 72 1839 645 1902; baseline 0 -12"><span class='ocrx_word' id='word_1_113' title='bbox 72 1854 126 1902; x_wconf 86' lang='lat' dir='ltr'>aar,</span> <span class='ocrx_word' id='word_1_114' title='bbox 138 1845 169 1891; x_wconf 88' lang='lat' dir='ltr'>ut</span> <span class='ocrx_word' id='word_1_115' title='bbox 176 1840 325 1891; x_wconf 86' lang='lat' dir='ltr'>immensae</span> <span class='ocrx_word' id='word_1_116' title='bbox 337 1839 452 1891; x_wconf 88' lang='lat' dir='ltr'>collecto</span> <span class='ocrx_word' id='word_1_117' title='bbox 464 1839 564 1891; x_wconf 85' lang='lat' dir='ltr'>robore</span> <span class='ocrx_word' id='word_1_118' title='bbox 575 1841 645 1890; x_wconf 75' lang='lat' dir='ltr'>sires</span> 
     </span>
     <span class='ocr_line' id='line_1_25' title="bbox 73 1903 585 1976; baseline -0.002 -17"><span class='ocrx_word' id='word_1_119' title='bbox 73 1910 84 1958; x_wconf 92' lang='lat' dir='ltr'>i</span> <span class='ocrx_word' id='word_1_120' title='bbox 94 1910 200 1959; x_wconf 88' lang='lat' dir='ltr'>maiora</span> <span class='ocrx_word' id='word_1_121' title='bbox 211 1903 293 1959; x_wconf 85' lang='lat' dir='ltr'>iidem</span> <span class='ocrx_word' id='word_1_122' title='bbox 304 1908 405 1972; x_wconf 84' lang='lat' dir='ltr'>iecere,</span> <span class='ocrx_word' id='word_1_123' title='bbox 417 1923 467 1976; x_wconf 83' lang='lat' dir='ltr'>per</span> <span class='ocrx_word' id='word_1_124' title='bbox 478 1923 585 1959; x_wconf 89' lang='lat' dir='ltr'>omnem</span> 
     </span>
     <span class='ocr_line' id='line_1_26' title="bbox 73 1977 644 2045; baseline -0.004 -17"><span class='ocrx_word' id='word_1_125' title='bbox 73 1993 105 2028; x_wconf 90' lang='lat' dir='ltr'>ur</span> <span class='ocrx_word' id='word_1_126' title='bbox 116 1977 232 2040; x_wconf 86' lang='lat' dir='ltr'>ltaliam,</span> <span class='ocrx_word' id='word_1_127' title='bbox 245 1978 387 2045; x_wconf 65' lang='lat' dir='ltr'>vicinaque</span> <span class='ocrx_word' id='word_1_128' title='bbox 398 1978 507 2027; x_wconf 89' lang='lat' dir='ltr'>moenia</span> <span class='ocrx_word' id='word_1_129' title='bbox 518 1977 644 2043; x_wconf 82' lang='lat' dir='ltr'>complet.</span> 
     </span>
     <span class='ocr_line' id='line_1_27' title="bbox 72 2045 637 2114; baseline -0.005 -17"><span class='ocrx_word' id='word_1_130' title='bbox 72 2061 156 2114; x_wconf 81' lang='lat' dir='ltr'>noque</span> <span class='ocrx_word' id='word_1_131' title='bbox 169 2045 203 2096; x_wconf 90' lang='lat' dir='ltr'>ad</span> <span class='ocrx_word' id='word_1_132' title='bbox 213 2061 294 2098; x_wconf 83' lang='lat' dir='ltr'>veros</span> <span class='ocrx_word' id='word_1_133' title='bbox 304 2047 421 2096; x_wconf 83' lang='lat' dir='ltr'>accessit</span> <span class='ocrx_word' id='word_1_134' title='bbox 431 2045 505 2096; x_wconf 84' lang='lat' dir='ltr'>lama</span> <span class='ocrx_word' id='word_1_135' title='bbox 515 2046 637 2106; x_wconf 87' lang='lat' dir='ltr'>timores,</span> 
     </span>
     <span class='ocr_line' id='line_1_28' title="bbox 72 2113 757 2184; baseline -0.003 -18"><span class='ocrx_word' id='word_1_136' title='bbox 72 2131 114 2184; x_wconf 82' lang='lat' dir='ltr'>[ue</span> <span class='ocrx_word' id='word_1_137' title='bbox 126 2116 230 2166; x_wconf 87' lang='lat' dir='ltr'>animos</span> <span class='ocrx_word' id='word_1_138' title='bbox 240 2113 342 2181; x_wconf 82' lang='lat' dir='ltr'>populi,</span> <span class='ocrx_word' id='word_1_139' title='bbox 354 2113 512 2181; x_wconf 86' lang='lat' dir='ltr'>clademque</span> <span class='ocrx_word' id='word_1_140' title='bbox 523 2113 642 2164; x_wconf 84' lang='lat' dir='ltr'>futuram</span> <span class='ocrx_word' id='word_1_141' title='bbox 706 2117 757 2166; x_wconf 83' lang='lat' dir='ltr'>l&#39;lo</span> 
     </span>
     <span class='ocr_line' id='line_1_29' title="bbox 75 2182 559 2248; baseline -0.006 -13"><span class='ocrx_word' id='word_1_142' title='bbox 75 2190 104 2236; x_wconf 89' lang='lat' dir='ltr'>et</span> <span class='ocrx_word' id='word_1_143' title='bbox 113 2183 193 2233; x_wconf 80' lang='lat' dir='ltr'>velox</span> <span class='ocrx_word' id='word_1_144' title='bbox 207 2183 379 2248; x_wconf 84' lang='lat' dir='ltr'>properantis</span> <span class='ocrx_word' id='word_1_145' title='bbox 389 2183 485 2232; x_wconf 87' lang='lat' dir='ltr'>nuntia</span> <span class='ocrx_word' id='word_1_146' title='bbox 495 2182 559 2233; x_wconf 91' lang='lat' dir='ltr'>belli</span> 
     </span>
     <span class='ocr_line' id='line_1_30' title="bbox 74 2249 610 2316; baseline -0.011 -11"><span class='ocrx_word' id='word_1_147' title='bbox 74 2267 118 2305; x_wconf 91' lang='lat' dir='ltr'>ras</span> <span class='ocrx_word' id='word_1_148' title='bbox 130 2249 211 2301; x_wconf 89' lang='lat' dir='ltr'>solvit</span> <span class='ocrx_word' id='word_1_149' title='bbox 221 2249 291 2300; x_wconf 81' lang='lat' dir='ltr'>falsa</span> <span class='ocrx_word' id='word_1_150' title='bbox 300 2251 328 2299; x_wconf 89' lang='lat' dir='ltr'>in</span> <span class='ocrx_word' id='word_1_151' title='bbox 339 2251 487 2316; x_wconf 83' lang='lat' dir='ltr'>praeconia</span> <span class='ocrx_word' id='word_1_152' title='bbox 495 2249 610 2316; x_wconf 79' lang='lat' dir='ltr'>linguas.</span> 
     </span>
     <span class='ocr_line' id='line_1_31' title="bbox 73 2316 583 2383; baseline -0.008 -13"><span class='ocrx_word' id='word_1_153' title='bbox 73 2325 85 2381; x_wconf 86' lang='lat' dir='ltr'>l,</span> <span class='ocrx_word' id='word_1_154' title='bbox 96 2316 235 2370; x_wconf 78' lang='lat' dir='ltr'>tauriferis</span> <span class='ocrx_word' id='word_1_155' title='bbox 247 2317 293 2367; x_wconf 88' lang='lat' dir='ltr'>ubi</span> <span class='ocrx_word' id='word_1_156' title='bbox 305 2332 335 2367; x_wconf 85' lang='lat' dir='ltr'>se</span> <span class='ocrx_word' id='word_1_157' title='bbox 343 2317 471 2366; x_wconf 84' lang='lat' dir='ltr'>Mevania</span> <span class='ocrx_word' id='word_1_158' title='bbox 481 2319 583 2383; x_wconf 83' lang='lat' dir='ltr'>campis</span> 
     </span>
     <span class='ocr_line' id='line_1_32' title="bbox 73 2385 630 2449; baseline 0 -12"><span class='ocrx_word' id='word_1_159' title='bbox 73 2393 96 2449; x_wconf 80' lang='lat' dir='ltr'>t,</span> <span class='ocrx_word' id='word_1_160' title='bbox 107 2385 226 2437; x_wconf 86' lang='lat' dir='ltr'>audaces</span> <span class='ocrx_word' id='word_1_161' title='bbox 238 2399 317 2437; x_wconf 89' lang='lat' dir='ltr'>ruere</span> <span class='ocrx_word' id='word_1_162' title='bbox 327 2386 355 2435; x_wconf 90' lang='lat' dir='ltr'>in</span> <span class='ocrx_word' id='word_1_163' title='bbox 367 2386 516 2436; x_wconf 83' lang='lat' dir='ltr'>certandna</span> <span class='ocrx_word' id='word_1_164' title='bbox 526 2391 630 2437; x_wconf 77' lang='lat' dir='ltr'>turnias</span> 
     </span>
     <span class='ocr_line' id='line_1_33' title="bbox 74 2452 757 2522; baseline -0.001 -16"><span class='ocrx_word' id='word_1_165' title='bbox 74 2492 81 2516; x_wconf 89' lang='lat'>,</span> <span class='ocrx_word' id='word_1_166' title='bbox 93 2461 134 2516; x_wconf 89' lang='lat' dir='ltr'>et,</span> <span class='ocrx_word' id='word_1_167' title='bbox 147 2470 202 2522; x_wconf 89' lang='lat' dir='ltr'>quo</span> <span class='ocrx_word' id='word_1_168' title='bbox 211 2453 268 2505; x_wconf 88' lang='lat' dir='ltr'>Nar</span> <span class='ocrx_word' id='word_1_169' title='bbox 278 2454 409 2506; x_wconf 84' lang='lat' dir='ltr'>Tiberino</span> <span class='ocrx_word' id='word_1_170' title='bbox 420 2452 539 2505; x_wconf 86' lang='lat' dir='ltr'>illabitur</span> <span class='ocrx_word' id='word_1_171' title='bbox 550 2457 631 2517; x_wconf 89' lang='lat' dir='ltr'>amni,</span> <span class='ocrx_word' id='word_1_172' title='bbox 706 2457 757 2506; x_wconf 78' lang='grc'><strong>415</strong></span> 
     </span>
     <span class='ocr_line' id='line_1_34' title="bbox 73 2523 591 2576; baseline -0.002 -2"><span class='ocrx_word' id='word_1_173' title='bbox 73 2527 125 2574; x_wconf 83' lang='lat' dir='ltr'>lena</span> <span class='ocrx_word' id='word_1_174' title='bbox 134 2525 209 2575; x_wconf 84' lang='lat' dir='ltr'>saevi</span> <span class='ocrx_word' id='word_1_175' title='bbox 220 2524 372 2576; x_wconf 85' lang='lat' dir='ltr'>discurrere</span> <span class='ocrx_word' id='word_1_176' title='bbox 384 2523 510 2575; x_wconf 82' lang='lat' dir='ltr'>caesaris</span> <span class='ocrx_word' id='word_1_177' title='bbox 521 2523 591 2575; x_wconf 91' lang='lat' dir='ltr'>alas:</span> 
     </span>
     <span class='ocr_line' id='line_1_35' title="bbox 73 2592 690 2662; baseline -0.002 -19"><span class='ocrx_word' id='word_1_178' title='bbox 73 2607 154 2644; x_wconf 67' lang='lat' dir='ltr'>»mnes</span> <span class='ocrx_word' id='word_1_179' title='bbox 166 2593 284 2660; x_wconf 82' lang='lat' dir='ltr'>aquilas,</span> <span class='ocrx_word' id='word_1_180' title='bbox 297 2593 451 2661; x_wconf 85' lang='lat' dir='ltr'>collataque</span> <span class='ocrx_word' id='word_1_181' title='bbox 462 2594 539 2662; x_wconf 80' lang='lat' dir='ltr'>signa</span> <span class='ocrx_word' id='word_1_182' title='bbox 549 2592 690 2657; x_wconf 83' lang='lat' dir='ltr'>lerentem,</span> 
     </span>
     <span class='ocr_line' id='line_1_36' title="bbox 82 2663 624 2726; baseline 0.002 -12"><span class='ocrx_word' id='word_1_183' title='bbox 82 2678 136 2714; x_wconf 92' lang='lat' dir='ltr'>non</span> <span class='ocrx_word' id='word_1_184' title='bbox 147 2678 215 2726; x_wconf 90' lang='lat' dir='ltr'>uno,</span> <span class='ocrx_word' id='word_1_185' title='bbox 227 2663 318 2716; x_wconf 81' lang='lat' dir='ltr'>denaia</span> <span class='ocrx_word' id='word_1_186' title='bbox 337 2677 371 2715; x_wconf 92' lang='lat' dir='ltr'>ue</span> <span class='ocrx_word' id='word_1_187' title='bbox 380 2663 508 2716; x_wconf 87' lang='lat' dir='ltr'>incedere</span> <span class='ocrx_word' id='word_1_188' title='bbox 519 2665 624 2716; x_wconf 84' lang='lat' dir='ltr'>cestrie.</span> 
     </span>
     <span class='ocr_line' id='line_1_37' title="bbox 73 2731 704 2803; baseline 0.002 -18"><span class='ocrx_word' id='word_1_189' title='bbox 73 2733 139 2785; x_wconf 87' lang='lat' dir='ltr'>nlem</span> <span class='ocrx_word' id='word_1_190' title='bbox 148 2734 303 2797; x_wconf 88' lang='lat' dir='ltr'>meminere,</span> <span class='ocrx_word' id='word_1_191' title='bbox 337 2731 704 2803; x_wconf 69' lang='lat' dir='ltr'>dentzmaiorqual&#39;crosque</span> 
     </span>
    </p>
   </div>
   <div class='ocr_carea' id='block_1_3' title="bbox 0 0 996 3074">
    <p class='ocr_par' dir='ltr' id='par_1_5' title="bbox 0 0 996 3074">
     <span class='ocr_line' id='line_1_38' title="bbox 0 0 996 3074; baseline 0 0"><span class='ocrx_word' id='word_1_192' title='bbox 0 0 996 3074; x_wconf 95' lang='lat' dir='ltr'> </span> 
     </span>
    </p>
   </div>
  </div>
 </body>
</html>
