1980 3074
196 157 246 204 2⁰8
371 152 410 202 bl.
447 149 548 202 ANN.
583 151 763 203 Lucis!

198 273 308 340 iamque
314 273 368 322 iter
374 285 454 321 omne
460 269 541 320 latet:
553 270 939 325 necsuntdiscriminaberm

197 342 265 404 Ulia,
276 342 326 392 nisi
338 338 477 391 aetheriae
487 339 578 391 medin
589 339 789 408 volutaequnre
798 338 937 394 flammae.

136 411 187 463 seb
199 411 340 462 Sideribus
351 423 454 461 nevere
464 410 537 459 rias:
555 423 608 460 nee
619 409 712 460 sidera
721 415 790 460 ncta

197 479 324 532 Ostendit
333 477 458 544 Libycae
469 478 561 528 iinitor
572 477 691 529 circulus
701 493 777 540 orae,

196 550 339 618 Multaque
352 548 458 598 devexo
470 555 605 598 terrarum
616 549 740 616 margine
750 547 831 598 celat.

250 619 339 686 thue
351 617 427 668 calor
437 616 527 679 scirit,
534 631 614 684 quem
621 621 743 668 torserat
753 631 821 668 aera
829 626 938 683 ventus,

198 691 381 755 incensusque
390 686 458 749 dies,
467 691 581 737 manant
591 685 737 737 sudoribus
748 691 840 737 ernist

138 760 189 808 bitti
199 760 284 809 ,irent
294 771 345 807 ora
355 757 414 807 sitit
434 761 585 823 conspecta
599 761 642 806 est
652 754 873 825 parremaiigns

198 827 277 879 Unda
287 824 383 893 procul
393 838 476 875 venat
495 839 577 893 quam
588 824 634 874 vix
645 839 661 875 e
691 824 786 875 uisere
796 823 877 875 miles

198 894 363 962 corripiens,
375 893 497 960 petulum
509 893 606 962 galeae
617 908 669 944 con
701 893 742 944 dit
751 894 780 943 in
791 893 897 955 orbem,

198 964 378 1030 Porrexitque
388 963 460 1013 duci.
480 961 648 1030 Squalebant
658 962 769 1030 pulvere
779 960 876 1015 fauces

197 1036 377 1086 Cunctorum:
390 1032 582 1100 minimumque
588 1039 684 1082 tenens
690 1032 746 1082 dux
756 1031 816 1098 ipse
823 1031 938 1100 liquoris

138 1106 188 1153 505
199 1102 350 1153 invidiosus
360 1107 429 1151 erat.
449 1099 536 1161 Mene,
547 1102 644 1168 inquit,
656 1100 782 1170 degener,
794 1117 877 1154 unum

198 1171 288 1235 Miles,
298 1171 327 1223 in
339 1169 482 1222 baeturia
494 1186 608 1222 vacuum
618 1168 723 1222 virtute
733 1170 844 1238 putasti
848 1172 863 1221 ,θ

200 1241 288 1310 Usque
299 1241 365 1292 adeo
377 1240 472 1301 ricoldis,
480 1239 629 1307 primisque
641 1239 777 1291 caloribus
785 1239 878 1308 imper

199 1313 263 1363 Sum
277 1310 366 1362 nisus?
378 1308 487 1374 Quanto
497 1326 586 1377 poena
598 1317 628 1360 tu
639 1306 749 1378 dignior
757 1308 814 1361 ists
824 1326 861 1372 es,

200 1382 262 1443 Qui,
270 1381 371 1448 populo
384 1378 500 1438 sitiente,
512 1378 603 1429 bibas!
620 1375 667 1429 sie
679 1379 804 1430 concitus
812 1380 858 1431 in

136 1452 186 1501 bid
201 1451 329 1503 Excussit
339 1448 456 1518 galeam,
468 1447 630 1516 suffecitque
642 1447 768 1499 omnibus
778 1449 861 1500 unda.

253 1520 368 1570 Ventum
380 1517 486 1569 eistad
498 1517 644 1584 tempium,
655 1515 770 1583 Libycis
786 1518 861 1586 qnod
870 1532 937 1587 gen·

675 1585 749 1638 tibus
759 1602 843 1639 unurn

200 1656 299 1707 lneulti
311 1655 495 1707 Garamantes
506 1652 623 1706 habent:
642 1660 699 1707 stat
708 1654 823 1708 sortifer
830 1656 896 1709 istie

198 1725 309 1790 iupiter,
320 1728 518 1785 utmemorunt,
530 1723 578 1774 sed
584 1738 638 1774 non
644 1722 937 1791 autiuiminavibms,

196 1798 249 1844 Aut
256 1792 350 1843 similis
361 1797 466 1853 nostro,
478 1791 527 1843 sed
539 1793 621 1844 tortis
631 1792 760 1845 cornibus
771 1794 920 1847 Hammon.

137 1864 187 1914 515
199 1862 260 1913 Non
272 1861 327 1911 iilic
340 1860 465 1926 Libycae
477 1867 629 1926 posuerunt
640 1861 708 1913 ditia
717 1868 816 1931 gentes

197 1929 386 1996 Templaenec
399 1930 465 1981 Eois
476 1929 620 1996 splendent
630 1931 746 1983 donaria
753 1932 881 2001 gemmb,

199 2000 328 2061 Quamvis
339 1996 502 2067 Aethiopum
515 1999 632 2067 populis,
643 2000 761 2053 Arabum
781 2016 817 2054 ue
825 2000 919 2055 matis

198 2069 341 2131 Gentibus,
353 2075 436 2136 atque
447 2069 521 2119 indis
531 2085 600 2120 unus
611 2069 647 2120 sit
658 2070 761 2136 iupiter
800 2085 923 2135 ammon,

197 2140 305 2206 Pauper
318 2136 407 2190 adhuc
419 2139 486 2190 deus
496 2145 547 2200 est,
558 2137 638 2190 nullis
647 2139 752 2191 violata
762 2154 812 2208 per
822 2155 923 2193 mum

136 2211 186 2259 520
199 2209 307 2260 Divitiis
317 2207 432 2259 delubra
441 2214 549 2260 tenens:
570 2223 730 2276 morumque
760 2212 865 2261 riorum

198 2277 302 2329 Numen
314 2277 438 2328 Romano
449 2277 578 2343 templum
590 2276 713 2329 defendit
724 2226 759 2328 ng
771 2292 848 2329 auro.

199 2350 266 2399 Esse
276 2347 343 2398 locis
354 2362 478 2414 superus,
489 2352 608 2397 testatur·
617 2346 694 2411 silva,
707 2362 757 2415 per
768 2362 881 2399 emnem

197 2416 262 2468 Solu
272 2417 362 2467 virens
374 2415 491 2481 Libyen.
515 2413 584 2466 Num
596 2415 659 2483 quid
680 2416 725 2467 uid
737 2416 851 2484 pulvere
860 2418 941 2473 sicco

198 2484 315 2553 Separat
325 2486 465 2536 ardentem
477 2484 570 2550 tepida
581 2485 652 2536 Bere
683 2485 745 2538 cide
758 2485 853 2554 Lepti,

137 2555 187 2605 525
200 2558 311 2623 ignorat
321 2555 446 2607 bondes:
465 2553 539 2604 solus
548 2570 644 2604 nemus
654 2554 753 2607 extulit
762 2555 916 2611 Hammon·

196 2624 330 2675 Silvarum
343 2622 404 2674 iens
417 2638 515 2674 caussa
523 2623 595 2686 ioco,
607 2625 652 2692 qui
665 2625 755 2692 putria
764 2631 859 2679 terras

197 2695 313 2761 Adligat,
325 2699 353 2744 et
364 2693 481 2744 domitus
492 2693 566 2745 unda
576 2695 717 2745 connectit
727 2709 835 2747 aremus.
