1980 3074
305 211 339 262 36
480 211 519 261 Μ.
554 209 655 262 ΑΝΝ.
692 212 868 264 hircant

244 330 296 381 465
309 332 434 382 Caesaris
447 329 541 381 audito
553 344 699 380 conversus
711 332 818 380 nomine
831 329 913 381 Sulla.

309 400 406 461 Varus,
417 405 448 450 ut
459 397 586 450 admotae
600 397 741 465 pulsarunt
750 400 883 450 Auximon
896 399 965 458 alae,

307 469 361 520 Per
372 468 479 519 diversa
490 482 570 518 ruens
581 466 706 534 neglecto
717 469 826 517 moenia
836 475 924 534 tergo,

308 537 368 598 Qua
378 536 471 597 silvae,
483 551 537 602 qua
547 549 623 597 saxa,
634 535 711 602 iugit.
731 534 883 600 Depellitur
894 551 957 587 arce

307 605 440 656 Lentulus
450 604 574 655 Asculea.
593 602 690 655 Victor
699 602 857 654 cedentibus
868 606 960 665 instat,

247 675 298 724 tto
310 674 481 741 Divertitque
492 674 579 722 acies:
596 672 723 737 solusque
735 686 769 722 ex
779 673 886 738 agmine
897 679 974 723 tanto

309 743 370 792 Dux
382 741 460 809 fugit,
473 750 501 791 et
513 740 599 791 nullas
611 740 738 790 ducentia
748 742 826 806 signa
838 739 975 791 cohortes.

308 813 351 861 'l'u
362 824 470 878 quoque
482 809 643 860 commissae
654 808 784 858 nudatam
796 808 898 859 deseris
909 825 972 859 arce

308 878 409 946 Scipio,
420 877 569 929 Nuceriae:
581 892 743 944 quamquam
751 876 905 928 firmissima
917 878 988 943 pube

307 948 359 998 His
370 947 465 998 sedeat
476 946 582 1008 castris,
592 944 753 1012 iampridem
764 946 888 996 Caesaris
900 948 981 998 aroris

248 1016 298 1065 445
310 1012 475 1066 Parthorum
486 1013 600 1065 seducta
610 1018 699 1064 metu:
716 1028 769 1079 qua
781 1013 887 1064 Gallica
898 1014 989 1065 damn.

309 1083 450 1150 Supplevit
461 1084 587 1151 Magnus,
599 1081 715 1148 dumque
726 1083 784 1147 ipsc
797 1083 832 1131 ad
843 1082 913 1133 bella
923 1098 986 1135 voc

310 1152 429 1203 Donavit
439 1166 535 1202 socero
546 1150 661 1201 Romani
671 1150 809 1217 sanguinis
820 1166 906 1200 usum.

360 1221 395 1271 At
404 1226 432 1271 te
445 1220 546 1271 Corfini
557 1219 652 1271 validis
663 1218 831 1270 circumdata
842 1221 925 1272 muris

309 1291 398 1340 Tecta
407 1295 511 1351 tenent,
523 1301 632 1355 pugnax
638 1287 754 1338 Domiti:
770 1293 819 1338 tua
830 1286 945 1341 classica
956 1305 986 1340 se

249 1361 299 1410 480
311 1359 460 1425 Oppositus
472 1357 607 1426 quondam
620 1357 722 1423 polluto
734 1356 787 1406 tiro
798 1356 903 1407 Miloni.

308 1429 344 1479 Ut
355 1427 450 1495 procul
460 1428 617 1477 immensam
631 1439 728 1490 campo
740 1439 905 1492 consurgere
916 1427 988 1478 nube

307 1497 493 1564 Ardentesque
504 1496 577 1545 acies
590 1494 725 1560 percussis
736 1492 794 1544 sole
806 1508 921 1545 corusco

308 1566 456 1632 Conspexit
467 1564 537 1624 telis,
555 1562 637 1622 Socii,
650 1561 793 1621 decurrite,
806 1562 882 1624 dixit,

308 1633 438 1685 Flurm'm'e
448 1633 485 1683 ad
494 1633 578 1697 ripae,
591 1631 729 1696 undaeque
739 1630 890 1699 irnmergs'te
898 1641 981 1698 ponte

248 1701 298 1752 485
308 1700 350 1753 Et
361 1711 391 1753 tu
402 1701 537 1753 montonis
547 1709 621 1750 totus
632 1698 836 1769 quaesentibus
846 1701 900 1763 exi,

307 1770 397 1836 Atque
404 1785 491 1820 omnes
497 1769 791 1837 trodegurgcsaquat,
797 1777 827 1819 ut
834 1785 990 1835 spumeum

310 1837 445 1891 Discussa
456 1853 594 1904 compage,
600 1837 690 1906 serae.
709 1838 767 1889 Hoc
778 1837 868 1890 linrite
880 1839 978 1891 bellum

309 1905 440 1965 Haereat,
450 1905 502 1958 dac
512 1904 596 1957 doctis
607 1908 695 1957 lentur
705 1915 777 1958 terat
790 1906 847 1958 otia
860 1908 931 1975 ripa.

308 1975 492 2042 Praecipitem
504 1973 623 2027 eotttete
633 1976 744 2027 ducem:
760 1975 877 2028 victoria
887 1978 961 2029 nodis

249 2045 299 2094 490
311 2044 363 2096 Hic
370 2043 488 2111 primum
498 2054 573 2096 stane
579 2042 681 2095 Caesar
692 2045 754 2097 ert't.
773 2044 831 2096 Nec
842 2046 920 2112 plura
930 2047 975 2097 loc

306 2113 435 2165 Devolvit
445 2114 568 2180 rapidum
581 2113 762 2181 nequidquam
774 2115 916 2166 moenibus
933 2151 935 2160 .
948 2138 957 2178 2

307 2181 376 2236 Nam
388 2184 488 2250 priore
501 2184 604 2249 campis
615 2190 647 2235 ut
658 2183 801 2249 conspicit,
813 2199 892 2236 amne
903 2185 989 2236 solut

306 2253 404 2320 llumpi
417 2254 518 2304 Caesar
526 2253 588 2313 iter,
601 2252 690 2303 calida
701 2251 824 2318 prolatus
835 2253 868 2303 ab
879 2254 934 2304 ira:

306 2318 366 2373 Non
378 2321 445 2373 eutis
456 2330 504 2382 eet,
515 2336 604 2372 rrvuroe
617 2322 736 2372 latebrae
746 2321 880 2387 quoesisse
892 2338 961 2387 pavo

247 2390 297 2442 ⁴⁹5
311 2389 462 2444 Obstruitis
475 2388 746 2458 campot,fluoie'eque
757 2405 850 2441 arcere
859 2392 980 2456 paratis,

308 2460 425 2528 Ignari?
436 2459 505 2521 Non,
516 2459 541 2511 ri
553 2458 654 2510 turoldo
665 2474 705 2509 me
713 2475 770 2525 gur
790 2458 828 2509 ite
845 2461 955 2528 Ganges

307 2527 571 2589 submurmurabat
582 2525 758 2595 iemflumine
792 2543 871 2578 setar
882 2526 911 2579 in
922 2532 979 2582 ullo

308 2596 373 2649 Post
394 2596 542 2650 Rubiconis
562 2611 656 2662 aquae.
684 2594 816 2661 Equitum
834 2608 985 2663 properate

720 2674 824 2716 ternae:

307 2737 349 2787 lte
361 2736 442 2786 eirnul
450 2735 572 2801 pedites:
585 2733 723 2785 ruiturum
735 2735 892 2787 adscendite
898 2746 968 2802 pont
