1980 3074
155 139 206 187 122
328 137 367 185 Μ.
402 134 503 186 ΑΝΝ.
538 133 720 185 Lucani

97 258 147 307 210
157 257 279 322 Frangit,
290 263 318 307 et
329 256 482 320 haerentes,
492 266 568 309 mota
579 267 651 320 cute,
662 259 773 309 discutit
784 257 895 310 hastass

157 325 273 375 Viscera
282 330 343 376 tuta
352 327 440 376 latent
453 329 569 391 penitus,
581 329 705 393 citraque
717 342 843 377 cruorem

158 393 287 443 confixae
299 400 374 445 stant
384 395 440 445 tela
450 395 538 446 ferae:
557 402 601 446 tot
609 395 685 446 facta
695 397 811 462 sagittis,

158 464 215 512 Tot
223 463 329 526 iaculis,
340 480 421 514 unam
432 479 486 514 non
498 465 609 530 explent
619 465 731 514 vulnera
740 471 867 515 mortem.

158 531 274 581 Dictaea
284 533 380 599 procul
390 549 454 584 ecce
467 548 548 583 manu
559 533 692 598 Gortynis
703 533 807 583 arundo

99 601 148 650 215
160 600 294 652 Tenditur
303 603 332 653 in
343 601 485 663 Scaevam,
495 617 574 669 quae,
585 608 651 652 voto
662 603 764 652 certior
775 604 859 664 omni,

158 671 188 719 ln
202 677 284 735 caput
295 677 376 739 utque
387 671 459 722 oculi
469 671 575 724 laevum
585 670 726 721 descendit
735 671 763 720 in
775 671 880 721 orbem.

158 739 205 788 llle
217 754 308 790 moras
319 740 394 802 ferri,
405 755 550 790 nervorum
561 744 590 791 ct
598 739 706 790 vincula
717 741 826 806 rumpit,

157 807 281 859 Adfixam
292 809 393 859 vellens
406 809 485 860 oculo
496 809 630 874 pendente
640 810 770 875 sagittam

158 877 320 942 Intrepidus,
332 878 469 945 telumque
479 893 528 928 suo
541 893 601 927 cum
613 878 712 928 lumine
725 878 822 929 calcat.

97 948 147 995 220
159 945 296 996 Pannonis
308 945 379 996 haud
391 946 477 1008 aliter,
488 961 551 1011 post
559 950 644 997 ictum
655 947 771 1008 sacrior,
783 962 857 1010 ursa,

159 1015 225 1065 curn
235 1015 352 1065 iaculum
363 1031 447 1081 parva
457 1015 544 1081 Libys
557 1017 705 1065 amentavit
714 1012 831 1077 habena,

159 1082 193 1134 Se
205 1089 280 1134 rotat
289 1085 317 1134 in
327 1085 435 1134 vulnus:
454 1085 591 1151 telumque
600 1086 672 1136 irata
682 1090 823 1150 receptum

157 1154 276 1219 lmpetit,
289 1159 317 1203 et
327 1169 421 1204 secum
433 1152 581 1222 fugientem
593 1155 690 1204 circuit
700 1151 815 1203 hastam.

157 1222 319 1273 Perdiderat
328 1223 430 1274 vultum
440 1223 544 1274 rabies:
563 1224 641 1273 stetit
651 1223 737 1273 imbre
749 1228 863 1274 cruento

97 1290 147 1339 225
161 1290 286 1342 Informis
297 1291 396 1344 facies:
414 1292 503 1343 laetus
513 1291 608 1359 fragor
618 1289 731 1342 aethera
741 1292 832 1358 pulsat

156 1360 314 1413 Victorum:
325 1363 432 1412 maiora
442 1363 506 1412 viris
518 1376 532 1411 e
543 1362 673 1428 sanguine
685 1376 770 1427 parvo

158 1430 266 1481 Gaudia
275 1447 328 1481 non
336 1430 655 1497 lacerctconspectumin
663 1432 780 1481 Caesare
787 1431 885 1480 vulnus

156 1500 213 1560 llle,
225 1505 321 1567 tegens
332 1501 387 1551 alta
398 1514 573 1567 suppressum
583 1505 674 1548 mente
685 1499 817 1560 dolorem,

155 1569 240 1630 Mitis,
252 1575 280 1618 et
291 1585 308 1619 a
317 1570 392 1618 vultu
404 1571 511 1635 penitus
523 1570 623 1618 virtute
634 1573 749 1629 remota,

97 1637 147 1685 230
159 1637 281 1698 Parcite,
293 1641 339 1699 ait,
350 1637 434 1688 cives:
450 1639 548 1702 procul
557 1636 620 1687 binc
629 1636 744 1687 avertite
754 1637 859 1687 bellum.

157 1704 300 1756 Collatura
312 1724 385 1756 ureae
395 1707 435 1757 nil
444 1706 499 1756 iam
511 1716 574 1757 sunt
585 1708 697 1757 vulnera
707 1705 804 1757 morti:

157 1773 219 1826 Non
231 1784 291 1841 eget
303 1775 427 1842 ingestis,
437 1775 484 1825 sed
492 1775 572 1826 vulsis
581 1785 690 1840 pectore
702 1775 771 1826 telis.

160 1841 267 1904 Tollite,
278 1853 304 1894 et
315 1843 344 1894 in
355 1842 452 1911 Magni
462 1844 592 1895 viventem
603 1845 696 1910 ponite
707 1844 821 1895 castris:

158 1912 313 1963 Heraeum
321 1923 463 1979 praestate
474 1913 551 1964 draci:
570 1914 606 1963 sit
618 1913 720 1964 Scaeva
732 1913 824 1964 relicti

96 1981 146 2030 235
158 1981 284 2032 Caesaris
295 1985 442 2047 exernplum
450 1983 550 2048 potius,
562 1999 642 2050 quam
654 1983 749 2033 arastis
758 1981 895 2033 honestae.

157 2050 277 2101 Credidit
289 2050 382 2101 infelix
394 2052 526 2102 simulatis
537 2052 649 2102 vocibus
660 2050 750 2113 Aulus,

156 2119 180 2170 N
182 2135 214 2171 ec
225 2120 294 2170 vidit
304 2127 380 2171 recto
392 2121 511 2189 gladium
521 2136 652 2172 mucrone
663 2126 815 2172 tenentem:

155 2188 334 2256 Membraque
347 2191 445 2257 captivi
459 2191 684 2256 pariterlaturus,
696 2195 726 2240 et
737 2205 822 2250 arma,

155 2259 323 2310 Fulmineum
336 2259 430 2310 mediis
441 2261 550 2326 excepit
560 2259 685 2310 saucibus
697 2273 797 2310 ensem.

97 2329 147 2377 24⁰
158 2328 380 2380 lncaluitvirtusr
399 2334 481 2396 atque
490 2343 545 2378 una
555 2329 639 2379 caede
650 2327 771 2379 refectus

158 2397 259 2458 Solvet,
271 2398 319 2460 ait,
326 2413 436 2464 poenas,
449 2397 578 2448 Scaevam
588 2395 895 2466 quicumquesabaetum

158 2466 301 2535 Speraoit:
315 2483 412 2535 pacem
420 2467 517 2535 gladio
527 2466 551 2516 si
561 2466 670 2532 quaerit
680 2466 714 2517 ab
725 2466 776 2516 istu

155 2535 284 2605 Magnas,
296 2537 412 2588 adorato
423 2535 566 2587 submittat
579 2533 696 2586 Caesare
708 2535 795 2603 signa.

154 2607 196 2657 Aa
207 2605 320 2657 similem
331 2607 424 2667 vestri,
437 2621 594 2673 segnemque
605 2604 715 2672 adfata
722 2603 865 2670 pratentis?

95 2676 145 2726 245
157 2675 281 2740 Pompeii
292 2675 365 2726 vobis
375 2675 463 2726 minor
473 2683 521 2733 est,
531 2690 694 2738 carneaeque
705 2679 821 2728 senatus.
