1980 3074
173 115 459 167 Pnnksnhln.
494 117 585 169 ΜΒ.
612 118 697 174 Vlll.
752 124 803 175 189

68 237 175 303 Exigua
184 235 305 302 trepidus
316 235 408 300 posuit
417 234 523 286 scrobe.
541 233 639 286 Nobile
651 255 751 306 eorpus

68 305 178 354 Robora
192 303 265 354 nulla
278 308 411 367 premunt,
432 303 506 354 nulla
524 311 599 355 strue
619 307 740 358 membra
758 323 801 359 re·

540 372 681 425 cumbunt:

67 439 196 488 Admotus
208 439 346 504 Magnum,
357 454 411 488 non
422 439 553 501 subditus,
564 442 665 508 accipit
674 444 751 510 ignis.

68 507 113 556 llle
125 505 222 556 sedens
231 508 310 556 iuxta
320 505 456 557 flammas:
478 504 639 570 Omaxe‘me,
652 511 729 574 dixit,

68 575 182 634 Ductor,
195 584 221 624 et
232 573 360 640 Hesperii
370 574 494 625 ruaiestas
504 576 618 628 nornim's
632 596 695 643 una,
810 581 861 631 too

66 644 97 695 Si
108 643 157 693 tim'
167 644 273 694 iactatu
282 642 386 711 pelagi,
399 643 528 712 uisunere
540 647 611 696 nullu

70 711 188 762 Tristior
197 711 247 763 iste
259 727 359 779 ragus,·
378 728 467 763 maner
478 713 647 780 animamque
656 720 791 782 potentem

68 778 175 844 Officiis
186 790 277 831 auerte
287 781 367 832 meis:
385 779 490 832 iniuria
493 781 558 850 suti

66 849 125 900 Hoc
131 849 182 918 fus
194 865 248 900 esse
260 849 332 901 iubet
338 867 350 909 ,·
366 866 398 901 ue
406 848 487 916 ponti
496 851 572 902 belua
582 850 738 919 antitiquum,

66 917 108 969 Ne
113 919 189 987 feru,
202 936 234 969 ue
246 921 372 980 volueres,
385 935 417 969 ne
427 918 500 969 suevi
511 917 636 971 Caesaris
647 921 691 971 ira
806 921 856 972 165

65 987 185 1037 Audeat:
197 986 332 1053 exiguam,
340 989 806 1055 quantumpotenaceipeflammam,

66 1056 188 1106 Romana
201 1070 322 1106 succense
333 1071 422 1106 uranu.
440 1054 563 1108 Fortuna
572 1075 695 1109 reerursus

67 1124 97 1173 Si
109 1125 153 1174 det
165 1123 192 1174 in
205 1122 370 1189 Hesperiam,
381 1139 433 1173 non
441 1123 492 1174 luae
502 1124 530 1176 s’n
540 1127 601 1177 sede
612 1127 748 1192 quiescent
790 1130 792 1134 '

69 1193 137 1244 Tam
147 1190 219 1241 sacri
229 1191 345 1242 eineres:
363 1192 441 1242 redte
455 1189 701 1261 CorneliaMagne,

66 1260 199 1325 Accipiet,
209 1269 353 1326 nostraque
372 1274 453 1310 manu
464 1261 640 1330 transfundet
650 1262 679 1312 s'n
690 1278 793 1314 urnam.
810 1265 860 1312 110

66 1330 174 1380 [nterea
184 1344 270 1393 uarro
282 1328 414 1394 signemus
424 1328 507 1378 litora
518 1345 592 1390 saxo,

68 1396 104 1448 Ut
115 1408 180 1448 nota
192 1397 229 1446 sit
239 1396 327 1456 tuern-
344 1396 437 1461 m'que's
448 1398 558 1461 placare
569 1407 737 1464 peremptum

67 1466 148 1517 Forte
160 1469 236 1526 volet,
247 1467 337 1532 plenas
349 1473 373 1515 et
386 1465 495 1516 reddere
506 1467 601 1517 mortis
612 1466 739 1518 horrores:

67 1535 192 1588 Inveniat
201 1535 293 1586 trunci
304 1534 414 1595 eineres,
426 1544 453 1584 et
466 1535 541 1586 norit
551 1553 657 1597 arenas,

67 1606 193 1671 'rddquan
206 1603 315 1673 Magne,
332 1614 407 1655 tuum
423 1604 530 1674 reserat
547 1614 636 1672 eaput.
653 1604 736 1655 'Haec
751 1604 796 1654 ubi
828 1670 861 1722 75

539 1675 621 1737 fatus,
811 1675 826 1722 1

67 1745 180 1794 Excitat
189 1743 321 1795 invalidas
332 1743 443 1793 admoto
455 1742 551 1796 fomite
561 1743 692 1794 flammas.

69 1814 204 1878 Carpitur,
216 1819 244 1864 et
254 1813 357 1864 lentum
369 1812 488 1863 destillat
496 1814 613 1882 Magnus
625 1814 651 1864 in
664 1813 763 1881 ignem,

70 1881 147 1931 Tabe
157 1880 253 1932 fovens
263 1883 381 1932 bustum.
400 1879 454 1931 Sed
465 1881 520 1932 iam
534 1887 708 1949 percusserat
720 1887 795 1932 ostro

70 1952 190 2000 Aurorae
201 1951 351 2015 praenuasa
360 1948 431 1999 diem
449 1949 503 2010 ille,
515 1951 609 2002 ordine
620 1956 701 2016 rupto

72 2018 192 2078 Funeris,
204 2016 342 2067 adtonitus
352 2016 472 2067 latebras
479 2019 508 2067 in
519 2018 600 2069 litore
611 2019 724 2084 quaerit.
811 2018 863 2067 180

72 2086 158 2147 Quom
172 2087 277 2144 metuis,
290 2085 409 2144 demens,
420 2085 474 2134 isto
486 2100 535 2151 pro
547 2087 658 2137 crimino
669 2098 794 2151 poenum,

74 2154 134 2212 Quo
146 2160 173 2202 te
186 2151 260 2202 fnum
269 2152 369 2218 loquax
381 2166 474 2202 ornnes
484 2155 592 2221 aceepit
600 2154 627 2203 in
639 2151 740 2204 annosi

73 2220 186 2272 Condita
199 2218 321 2270 laudubit
331 2219 425 2286 Magni
435 2234 514 2271 socer
524 2221 622 2287 impius
634 2235 709 2271 ossa:

72 2292 82 2340 Ι
96 2289 178 2340 modo
190 2303 302 2341 securus
312 2288 417 2348 veniae,
427 2286 569 2355 fassusque
581 2286 751 2355 sepulchrum

72 2360 158 2410 Posce
171 2375 204 2409 cs
223 2363 261 2408 ut.
281 2357 361 2424 cogit
370 2356 458 2423 pistas
468 2357 609 2423 imponere
620 2357 699 2408 finem
814 2355 865 2406 185

72 2429 180 2480 Officio.
199 2375 335 2479 geminata
346 2425 426 2492 rapit,
437 2426 612 2494 resolutaque
622 2426 741 2476 nondum

72 2497 142 2548 Ossa
153 2499 227 2559 satis,
241 2495 338 2556 neruis,
350 2500 379 2546 et
388 2494 484 2546 inustis
495 2494 576 2562 pleno
587 2494 711 2546 medullis

73 2567 213 2632 Aequorea
224 2563 368 2631 restinguit
378 2577 458 2630 aqua,
469 2569 655 2631 congestaque
664 2563 691 2613 in
702 2574 785 2613 unum

74 2634 161 2684 Parvo
171 2635 267 2686 clausit
277 2630 368 2683 humo.
388 2633 475 2694 'l'une‚
487 2647 521 2684 ns
532 2631 597 2684 levis
609 2647 676 2684 aura
686 2636 806 2682 retectos
