1980 3074
177 225 464 280 putassem.
499 229 588 281 [ΛΒ.
613 228 665 280 IX.
741 229 791 280 att

57 347 163 413 Turpe,
175 345 244 396 mori
250 354 313 412 post
323 355 350 396 te
361 348 415 397 saio
427 364 478 398 aaa
488 363 565 413 posse
577 348 674 400 datore.

54 414 100 466 Sic
111 414 157 465 ubi
168 413 236 477 iata,
249 420 331 481 eaput
342 413 420 466 ferali
432 415 547 466 obduxit
557 418 667 478 amictu,

53 484 236 550 Decrevitque
247 484 306 549 pati
314 482 452 546 tenebras,
463 484 614 552 puppisque
626 485 749 535 cavernis
799 486 850 534 110

54 552 183 603 Dolituit:
195 566 360 618 saevumque
371 557 447 602 arete
457 552 601 619 complexa
611 552 733 603 dolorem

56 620 210 672 Perfruitur
220 620 349 680 lacrimis,
361 627 390 671 et
400 626 475 671 amat
482 636 532 688 pro
540 620 773 689 coniugeluetum.

54 689 130 740 illam
143 704 196 739 noa
207 688 306 739 fluctus
317 688 487 757 stridensque
496 688 656 740 rudentibus
666 690 756 740 Eurus

54 759 151 821 Movit,
163 763 191 809 et
201 772 351 826 exsurgens
363 757 397 809 ad
409 773 515 811 summa
524 758 646 825 pericula
656 757 771 809 clamor:

55 827 183 895 Votaque
194 826 318 878 sufficitis
329 825 432 878 faciens
445 827 585 879 sarmaria
594 828 693 890 nautis,
799 828 850 877 115

56 897 215 963 Composita
224 896 251 946 in
262 901 378 947 mortem
390 896 488 957 iacuit,
499 895 620 964 feritque
631 895 767 964 procellis.

108 966 201 1017 Prima
212 971 298 1015 ratem
310 967 416 1032 cypros
430 965 618 1031 spumantibus
633 966 734 1032 accipit
743 982 790 1015 un-

54 1104 120 1154 inde
132 1110 228 1153 tenens
240 1103 367 1171 pelagus,
379 1103 428 1154 sed
437 1105 492 1153 iam
504 1103 681 1164 moderatior,
691 1104 781 1155 Eurus

54 1173 85 1222 ln
99 1172 221 1238 Libycas
233 1173 290 1239 ogit
301 1171 394 1234 sedes,
406 1179 434 1222 et
446 1178 537 1223 castra
548 1173 669 1224 Catonis.

55 1241 164 1301 Tristis,
174 1246 206 1290 ut
215 1240 243 1290 ia
254 1240 339 1290 multo
350 1254 426 1291 meas
438 1248 480 1291 est
490 1255 625 1308 praesaga
634 1241 742 1301 timore,
802 1243 853 1290 120

55 1308 188 1374 Adspexit
199 1309 304 1374 patrios
316 1310 431 1359 comites
442 1308 548 1359 elitore
558 1308 685 1376 Magnus,

56 1377 92 1427 Et
103 1376 226 1426 fratremz
238 1376 342 1427 medies
352 1390 485 1443 praeceps
495 1384 561 1426 tune
571 1375 659 1427 fertur
670 1376 704 1427 ad
714 1376 814 1428 undas:

58 1442 110 1495 Dic
120 1443 165 1494 adi
174 1444 219 1505 sit,
228 1459 367 1512 germane,
377 1459 493 1510 parens.-
516 1453 572 1495 stat
583 1460 685 1496 saniora
697 1454 792 1512 rapat-

528 1528 578 1578 que

57 1581 148 1644 Orbis,
166 1598 202 1634 aa
219 1580 383 1633 occidimus?
409 1579 585 1647 Romanaque
601 1579 720 1652 Magnus
741 1581 778 1634 ad

530 1654 639 1704 umbras

56 1720 196 1773 Abstulit?
214 1720 291 1770 Haec
302 1718 389 1771 fatur:
411 1735 490 1787 quem
502 1725 599 1773 contra
608 1722 675 1774 talia
684 1722 786 1778 irater:
805 1722 855 1777 125

58 1787 83 1842 0
89 1790 175 1862 felix,
187 1805 263 1856 quem
276 1789 345 1840 Fors
357 1788 427 1841 alias
440 1789 569 1858 dispersit
577 1791 606 1845 in
619 1808 689 1855 aras,

58 1858 163 1926 Quique
174 1860 253 1931 nefas
266 1858 359 1910 eadm:
379 1860 477 1922 aeolos,
487 1863 626 1928 germane,
635 1874 759 1916 nocentes

58 1929 186 1994 Spectata
193 1928 320 1997 genitore
325 1927 400 1999 fera.
419 1926 480 1980 Nan
494 1927 619 1982 Caesaris
631 1933 714 1984 araris

58 1995 197 2058 occubuit,
207 1997 341 2064 dignoque
349 1994 425 2063 perit
436 2008 548 2050 auctare
557 2000 668 2053 ruinae:

58 2065 131 2131 Rege
143 2065 190 2117 sud
200 2065 316 2131 impuro,
329 2065 447 2117 Nilotica
458 2083 525 2118 rssra
536 2077 648 2130 terrente,
768 2093 769 2096 ¹
805 2073 856 2123 130

58 2133 179 2199 Hospitii
183 2134 278 2205 fietus
288 2134 401 2198 superis,
413 2142 439 2183 et
451 2151 559 2188 manere
570 2145 648 2189 tanto

57 2205 90 2256 irs
98 2217 220 2269 prensos,
230 2200 337 2263 cecidit,
348 2202 445 2254 donati
455 2203 564 2255 victirrsa
576 2206 663 2273 regeri.

62 2270 126 2324 Vidi
135 2288 185 2341 ego
196 2286 240 2323 ma
262 2269 364 2322 usnimi
373 2272 525 2322 lacerantes
534 2282 646 2338 pectora
655 2276 760 2340 patris.-

59 2342 114 2396 Ner
123 2341 234 2393 eredens
270 2337 377 2390 darium
387 2347 495 2391 testam
503 2341 624 2407 petuisse
635 2351 790 2411 tyrannum,
798 2377 816 2383 ν»

56 2411 151 2464 Litore
162 2407 272 2462 Niliaco
284 2424 403 2460 socerum
414 2409 555 2460 iamstare
565 2411 670 2476 putari.
805 2414 854 2463 135

58 2481 112 2532 Sed
120 2497 161 2532 me
171 2494 220 2532 nee
230 2478 350 2547 sanguis,
359 2493 408 2530 nec
417 2487 525 2530 tantam
534 2481 645 2532 satnera
656 2483 743 2533 nostri

58 2551 190 2621 Adfecere
201 2547 280 2608 sessis,
292 2557 421 2613 potantum
431 2556 545 2617 gestata
553 2563 603 2614 per
615 2549 706 2602 arbem
781 2565 783 2568 ⁴

59 2616 119 2672 Ora
129 2616 212 2679 dreis,
239 2634 290 2669 esse
300 2616 434 2685 transfixa
444 2616 569 2669 sublimia
579 2618 636 2686 pita

62 2683 198 2739 Vidimus:
252 2704 290 2747 ee,
295 2685 377 2770 sama
388 2696 437 2748 est,
448 2687 532 2738 oratis
543 2685 655 2739 sisteris
666 2687 753 2756 iniqui

58 2755 188 2816 derreri5
205 2757 364 2822 scelerisque
369 2754 453 2823 fidem
466 2756 600 2823 quaesisse
611 2765 774 2826 tyrannum
805 2763 855 2812 14⁰
