1980 3074
227 91 515 144 PHARSdLlA.
550 92 641 145 ΗΒ.
670 95 703 146 Χ.
774 96 827 146 4241

98 217 284 279 Transtraque
293 218 436 262 nautarum
448 212 598 278 summique
610 226 702 265 arsere
708 211 826 264 ceruchi.
836 212 887 263 495

98 281 828 397 lampropesemmtaemergunmrinaequoreclasses,

98 354 155 402 lam
174 364 208 401 ue
238 353 312 399 ostes
322 345 411 398 ettela
422 352 525 398 natant
547 346 605 397 Nec
616 349 750 415 puppibus
759 349 828 417 ignis

99 365 224 469 incoluit
233 416 310 467 solis:
328 414 377 467 sed
387 430 456 482 quae
465 415 555 466 vicina
563 414 640 466 fuere

99 490 189 538 Tecta
198 486 275 546 mari,
285 483 374 551 longis
385 497 500 549 rapuere
510 483 656 550 vaporibus
666 487 769 551 ignem:

98 557 135 608 lit
146 552 251 606 cladem
261 551 355 603 fovere
366 549 442 614 Noti,
452 566 637 619 percussaque
647 550 756 603 flamma
840 555 889 604 5⁰ss

99 623 229 683 Turbine,
242 636 297 671 non
307 619 360 670 alio
371 626 449 671 motu
459 634 508 688 per
517 625 593 671 tecta
603 622 731 683 cucurrit,

101 693 188 755 Quam
199 690 271 741 solet
281 686 403 740 aetherio
413 688 516 756 lampas
530 687 681 740 discurrere
693 689 778 752 sulco,

99 759 269 826 Materiaque
280 771 376 808 careus
387 763 468 824 atqua
479 756 577 808 ardens
588 772 652 809 aero
663 758 731 810 solo.

99 828 149 880 llla
158 827 218 879 lues
227 825 320 878 clausa
330 825 448 892 paullum
459 827 599 878 revocarit
610 826 644 878 ab
656 827 719 880 aula

100 895 179 947 Urbis
187 896 216 946 in
225 894 352 946 auxilium
364 894 488 961 populos.
513 893 571 946 Nec
583 900 708 962 tempora
720 897 803 948 cladis
840 899 889 948 5⁰5

99 963 222 1017 Perdidit
230 964 258 1014 iu
269 977 388 1024 somnos,
399 963 448 1014 sed
458 977 542 1017 caeca
551 972 632 1015 nocto
643 966 742 1017 earinis

100 1032 204 1084 lnsiluit
215 1033 325 1092 caesar,
339 1045 446 1098 semper
456 1031 572 1084 feliciter
582 1049 647 1084 usus

99 1101 249 1168 Praecipiti
260 1115 340 1151 cursu
349 1099 491 1161 bellorum,
503 1108 531 1151 et
541 1108 665 1167 tempore
674 1108 764 1167 rapto.

101 1171 178 1219 Tunc
202 1167 348 1218 claustrum
375 1168 464 1236 pelagi
490 1170 562 1234 cepit
586 1166 704 1220 Pharon.
742 1168 832 1220 lnsula

571 1237 706 1303 quondam

100 1310 130 1358 ln
142 1306 231 1357 taedio
242 1307 319 1356 stetit
328 1306 374 1355 illa
386 1307 463 1367 niari,
473 1305 522 1356 sub
533 1311 657 1371 tempore
665 1306 736 1356 ratis
839 1307 889 1356 510

101 1376 229 1427 Proteos:
249 1381 278 1424 at
287 1389 359 1425 nunc
370 1379 413 1425 est
422 1373 538 1426 Pellaeis
548 1374 673 1442 proxima
682 1375 773 1424 muris.

100 1443 149 1495 llla
161 1443 221 1494 duci
232 1443 355 1510 geminos
364 1442 496 1494 bellorum
508 1444 644 1509 praestitit
654 1458 730 1493 usus:

101 1511 217 1563 Abstulit
228 1525 358 1562 excursus
369 1517 397 1562 et
407 1509 500 1562 fauces
512 1513 638 1578 aequoris
648 1509 735 1575 hosti3

103 1581 226 1631 Caesaris
238 1579 344 1630 auxiliis
355 1580 444 1631 aditus
455 1595 488 1631 ac
498 1578 584 1631 libera
595 1582 671 1647 ponti

103 1649 181 1701 0sda
190 1649 319 1715 permisit.
348 1647 406 1700 Nec
419 1663 520 1714 poenas
529 1649 592 1699 inde
603 1646 710 1700 Pothini
841 1649 891 1699 515

103 1716 215 1768 Distulit
224 1716 350 1768 ulterius:
368 1718 418 1768 sed
428 1732 482 1768 non
493 1732 547 1785 qua
556 1716 651 1769 debuit
658 1717 708 1779 ira,

104 1783 829 1848 Noneruce,nonllammis‚rabidonondenteferarum:

106 1855 166 1905 lleu
177 1852 294 1904 facinus!
314 1857 405 1905 cervix
414 1855 505 1924 gladio
515 1854 587 1906 male
598 1870 679 1906 caesa
689 1855 830 1923 pependit:

103 1922 196 1986 Magni
207 1928 295 1972 morte
306 1923 383 1987 perit.
394 1951 426 1961 -
445 1921 566 1986 Necnon,
578 1923 707 1990 subrepta
717 1926 819 1991 paratis

103 1992 124 2039 Α
135 1987 236 2038 famulo
249 1987 408 2054 Ganymede
419 1990 496 2053 dolis,
508 1994 631 2058 pervenit
642 1992 676 2042 ad
687 1991 780 2043 hostes
842 1992 890 2042 520

105 2056 229 2107 Caesaris
240 2057 363 2106 Arsinoe:
383 2073 451 2124 quae
460 2064 551 2111 eastra
561 2062 682 2111 carentia
692 2075 756 2127 rege

105 2126 139 2176 Ut
151 2122 240 2189 proles
251 2124 346 2191 Lagea
355 2130 439 2188 tenet,
450 2125 632 2195 famulumque
643 2129 751 2193 manni

104 2191 265 2244 'lermlilem
274 2193 347 2243 iusto
358 2195 490 2263 uansegit
499 2193 618 2246 Achillea
628 2196 710 2248 ferro.

104 2261 205 2324 Altera,
215 2261 325 2329 Magne,
335 2263 389 2312 tuis
399 2262 452 2313 iam
463 2264 575 2314 victima
585 2265 702 2315 mittitur
710 2263 826 2314 umbris:

103 2327 421 2383 NecsatislrocFortuna
430 2338 516 2398 putat.
536 2332 634 2382 Procul
647 2332 726 2395 absit,
739 2340 768 2380 ut
778 2333 830 2382 ista
842 2333 892 2381 525

104 2399 246 2451 Vindictae
257 2399 293 2450 sit
303 2414 408 2450 summa
418 2404 490 2451 tuae.
510 2399 570 2450 Non
581 2403 639 2465 ipse
650 2408 781 2466 tyrannus

103 2469 209 2519 Sullicit
218 2469 244 2519 in
256 2482 367 2534 poenas,
378 2484 431 2519 non
444 2469 530 2519 omnis
542 2468 617 2534 regia
627 2468 705 2536 Lagi.

104 2538 173 2587 Dum
187 2538 265 2603 patrii
278 2537 388 2588 veniant
396 2537 423 2587 in
434 2539 540 2588 viscera
552 2536 675 2587 Caesaris
687 2551 774 2598 enses,

104 2607 219 2672 Magnus
230 2606 330 2657 inultus
343 2607 401 2655 en't.
421 2604 475 2655 Sed
486 2619 539 2654 non
551 2609 663 2656 auctore
675 2603 775 2657 furoris

139 2673 312 2724 bucinus
663 2673 687 2734 Q
