1980 3074
198 160 236 210 96.
371 158 408 206 Μ.
443 154 543 206 ANN.
579 156 757 207 Lucsn'l

197 277 382 343 Securumque
394 290 496 335 nemus,
507 276 621 325 veritam
633 290 662 325 se
674 275 786 326 credere
796 274 911 327 Phoebo

198 345 387 397 Prodiderant.
417 341 506 393 Sentit
515 343 638 409 tripodas
651 358 769 405 cessare,
781 343 930 411 furensque

197 416 311 482 Appius:
329 412 368 463 Et
380 412 454 463 nobis
465 412 578 463 meritas
589 411 671 471 dubis,
681 413 774 478 impia,
783 429 895 478 poenae,

196 484 234 535 Et
247 483 366 549 superis,
377 480 543 549 quosfingis,
556 481 608 541 ait,
620 481 674 531 m'ei
684 481 813 549 mergeris
825 483 924 543 antris,

139 553 187 603 160
198 552 291 618 Deque
302 551 374 602 orbis
385 549 488 615 trepidi
498 559 575 601 tanto
586 552 709 601 consulta
719 553 838 601 tumultu

195 620 305 673 Desinis
317 621 376 686 ipsa
388 619 470 686 loqui.
499 618 622 669 Tandem
635 620 786 670 conterrita
795 620 872 686 virgo

198 690 326 757 Confugit
332 688 366 739 ad
371 687 504 754 tripodas,
514 689 652 755 vastisque
663 687 782 738 abducta
787 689 912 739 cavernis

196 761 302 819 Haesit,
313 766 342 808 et
351 759 459 808 insueto
469 757 596 822 concepit
607 762 719 822 pectore
730 771 838 819 numen,

198 827 277 890 Quod
288 842 342 877 non
354 823 504 876 exhaustae
515 839 563 890 per
573 832 616 875 tot
624 827 679 875 iarn
690 825 801 877 saecule
810 827 887 892 rupis

138 897 187 948 165
199 896 315 962 Spiritus
323 895 438 962 ingessit
446 895 516 954 ratu
533 893 698 961 tandemque
708 895 812 961 potitus

198 968 315 1016 Pectore
326 961 469 1024 Cirrhaeo,
480 977 535 1012 non
545 978 672 1028 umquam
683 964 790 1029 plenior
801 969 877 1014 arou

196 1032 360 1085 Phoebados
370 1032 469 1096 irrupit
479 1031 584 1082 Paean:
603 1037 774 1100 mentemque
784 1033 903 1098 priorem

198 1102 321 1169 Expulit,
334 1107 415 1168 atque
428 1099 562 1150 hominem
573 1104 635 1150 toto
646 1099 697 1150 sibi
708 1101 807 1152 cedere
814 1102 894 1151 iussit

197 1174 323 1223 Pectore.
352 1167 509 1220 Bacchatur
521 1167 632 1219 demens
645 1168 734 1220 aliena
744 1184 794 1237 per
803 1177 912 1220 autrum

139 1243 186 1291 rso
198 1241 275 1292 colla
284 1238 389 1301 ferens,
400 1238 537 1305 vittasque
548 1237 605 1299 dei,
615 1235 798 1306 Phoebeaque
808 1244 884 1290 serta

196 1311 305 1361 Erectis
315 1309 438 1359 discusse
451 1307 550 1368 comis,
563 1321 612 1372 per
621 1306 713 1358 inania
722 1307 816 1374 tempii

195 1379 313 1446 Ancipiti
325 1378 431 1429 cervice
439 1382 529 1437 rotat,
541 1377 699 1443 spargitque
709 1378 819 1444 vaganti

199 1449 347 1499 Obstantes
352 1446 489 1511 tripodas,
501 1459 656 1512 magnoque
667 1451 813 1496 exaestuet
820 1446 887 1514 igni,

198 1518 301 1568 iratum
312 1523 353 1576 te,
365 1514 491 1576 Phoebe,
502 1513 601 1565 ferens.
630 1512 688 1564 Nec
698 1513 812 1566 verbere
823 1514 883 1566 solo

139 1586 188 1633 rte
199 1586 290 1635 Uteris
299 1591 328 1633 et
337 1583 460 1645 stimulis,
472 1581 648 1648 flammasque
659 1585 687 1633 in
697 1585 804 1634 viscera
813 1585 923 1652 mergis.

199 1653 304 1718 Accipit
315 1658 344 1702 ct
354 1650 477 1701 haenos:
497 1665 548 1700 nec
558 1657 664 1701 tanturn
677 1653 793 1719 prodere
803 1654 870 1715 rati,

200 1721 337 1782 Quantum
347 1721 427 1780 scire,
439 1719 512 1769 iicet
531 1718 614 1770 Venit
625 1726 702 1773 setas
713 1722 800 1772 omnis
809 1722 838 1772 in
847 1737 932 1773 unam

199 1790 371 1856 congeriem:
382 1788 564 1854 miserumque
574 1794 701 1854 premunt
710 1796 754 1841 tot
763 1790 874 1842 sasernis
883 1805 933 1857 pe-

671 1864 739 1910 ctus.

200 1928 291 1976 Tanta
303 1930 381 1991 patet
390 1939 482 1974 rerum
493 1927 592 1987 series,
605 1933 686 1994 atque
699 1943 777 1978 omne
789 1928 912 1979 futurum

136 1997 187 2046 180
198 1994 335 2046 Nititurin
347 1993 449 2045 iucem:
467 2009 617 2062 vocemque
627 1998 749 2062 petentia
757 1997 816 2048 iata

195 2065 363 2116 Luctantur:
383 2077 437 2114 non
448 2063 536 2130 prima
548 2063 619 2127 dies,
630 2080 685 2116 non
694 2065 791 2117 ultime
799 2065 903 2129 mundi,

195 2132 257 2185 Non
267 2132 365 2184 modus
376 2132 493 2195 Oceani,
505 2148 634 2185 numerus
643 2150 699 2186 non
709 2135 805 2186 deerat
815 2148 927 2186 mense.

197 2202 274 2254 Talis
283 2203 311 2253 in
321 2201 446 2253 Euboico
457 2207 535 2253 rates
546 2204 669 2255 Gemens
678 2218 799 2266 recessu,
920 2197 926 2207 ’

196 2272 340 2340 indignata
348 2286 425 2322 suum
435 2271 527 2322 multis
541 2272 643 2323 servire
653 2271 774 2323 hrrorem

135 2342 185 2392 185
198 2340 345 2401 Gentibus,
357 2355 391 2391 ex
401 2347 480 2392 tanta
489 2340 609 2391 fatorum
620 2348 661 2393 str
723 2340 842 2407 superbe

194 2411 342 2475 Excerpsit
351 2410 476 2461 Romana
484 2424 575 2460 manu.
603 2408 649 2462 Sic
660 2426 677 2478 p
689 2425 742 2462 ens
750 2410 860 2460 laborat

195 2479 353 2529 Phemonoe
363 2477 486 2540 Phoebo,
498 2477 562 2528 dum
570 2486 608 2540 te,
620 2481 760 2530 consultor
771 2480 860 2544 operti

196 2548 315 2598 Castalia
325 2547 422 2598 tellure
434 2547 487 2609 dei,
503 2548 549 2597 rix
559 2550 674 2609 invenit,
685 2548 763 2615 Appi,

195 2619 269 2668 inter
280 2617 338 2668 iate
349 2617 394 2668 diu
405 2630 539 2684 quaerens
549 2623 607 2668 tem
616 2632 717 2686 magns
726 2616 868 2668 latentem.

135 2687 186 2738 190
198 2685 317 2751 Spumea
326 2691 392 2736 tunc
401 2686 517 2752 primunr
529 2685 619 2739 rabies
629 2700 731 2738 vesarm
740 2700 852 2752 perora
