1980 3074
167 199 457 254 rnnnsnhrn.
494 200 584 253 ΗΒ.
613 201 671 252 ΙΙΙ.
759 200 793 253 δῦ

57 325 109 375 Sul
119 323 142 372 si
155 324 226 374 relus
238 335 305 382 eures,
318 318 432 370 sinitensi
444 321 559 388 degener
570 321 662 383 armis,

61 392 136 443 Tunc
148 389 215 441 »nini
224 397 296 441 tectu
310 397 416 457 petent.
445 388 504 442 iem
515 406 567 441 nen
577 392 717 445 excludere
732 401 792 445 tars-

539 467 604 518 tum,

61 528 199 580 Inclusisse
208 529 308 580 sciunt.
336 525 373 576 At
384 525 452 578 euim
461 526 591 594 contagia
603 527 664 579 esus·

60 599 130 649 ntra
136 599 253 666 sugant.
283 593 393 648 Dabitis
400 611 502 661 peenas
508 612 560 662 pru
569 611 638 661 pace
647 598 753 663 petita:
804 597 855 650 810

61 666 99 719 Et
110 667 179 719 nini!
188 682 242 719 este
252 679 308 717 meu
319 663 428 717 discetis
441 664 529 716 tutius
541 681 614 724 aesc,

62 736 149 799 Quum
160 737 224 789 duce
240 751 280 787 me
295 733 397 786 bellum.
434 729 479 784 Sic
490 740 635 852 postqlpanr
651 733 738 797 fatus,
761 733 796 785 ad

537 818 569 852 ur
589 818 632 855 ern

61 873 141 925 Haud
151 872 285 940 trepidam
297 873 432 925 convertit
441 873 508 922 iter:
519 871 797 924 tuucmoeniaclausa

30 1000 32 1004 v
60 943 210 1009 Conspicit3
222 947 250 994 et
260 942 344 994 densa
353 943 480 993 iuvenum
492 940 593 993 vallata
601 957 712 992 corona

62 1012 139 1062 Haud
153 1011 248 1078 procul
260 1012 368 1063 aruntis
379 1009 499 1061 tumulus
509 1012 644 1077 surgentis
653 1012 681 1062 in
693 1011 776 1062 altum
805 1010 855 1062 315

60 1080 176 1131 'i'eliuris
185 1094 298 1147 parsum
310 1078 408 1131 diffuse
420 1080 523 1130 vertice
534 1094 659 1146 campum

63 1149 198 1216 Explicat:
217 1146 286 1199 haec
296 1150 403 1214 patiens
413 1148 496 1215 longe
508 1149 653 1200 munimine
666 1150 738 1215 cingi

64 1219 128 1268 Visa
139 1217 201 1267 duci
212 1231 303 1284 rupes,
313 1218 379 1268 tutis
398 1231 433 1267 ue
445 1217 585 1282 aptissima
595 1218 700 1268 cmtris.

62 1287 190 1337 Proxima
199 1300 263 1351 pars
274 1284 349 1335 urbis
360 1300 391 1335 ce
417 1299 460 1334 am
472 1286 612 1352 consurgit
621 1286 649 1335 in
660 1299 762 1344 arcem,

61 1357 116 1405 Par
125 1353 239 1413 tumulo,
249 1352 400 1418 mediisque
412 1351 509 1402 sedent
521 1352 688 1402 convallibus
700 1366 774 1402 arra.
807 1351 857 1400 380

63 1425 140 1472 Tunc
151 1436 195 1471 res
205 1423 338 1471 immenso
349 1419 453 1485 placuit
462 1424 569 1468 statura
578 1417 682 1480 labore,

62 1493 168 1558 Aggere
179 1488 301 1538 diversos
311 1493 390 1538 vasto
402 1487 573 1537 committere
584 1487 676 1538 colles.

62 1557 117 1609 Sed
127 1557 201 1624 prius
211 1562 243 1606 ut
252 1561 349 1617 totam,
361 1571 415 1622 qua
424 1561 499 1606 terre
510 1555 636 1624 cingitur,
646 1555 740 1607 urbem

64 1626 217 1687 Clauderet,
229 1640 246 1675 a
256 1626 366 1676 summis
377 1624 505 1692 perduxit
514 1624 549 1675 ad
560 1639 681 1692 aequora
692 1625 789 1676 eastris

63 1698 72 1744 1
77 1712 123 1746 ron
145 1710 189 1744 um
200 1695 301 1746 Caesar
311 1709 387 1761 opus,
399 1693 543 1763 fontesque
553 1693 689 1761 etpebula
700 1696 789 1760 campi
807 1693 865 1744 385·

62 1712 206 1833 ampiexus
217 1763 301 1826 fossa,
312 1764 409 1816 densas
422 1763 545 1817 tollentia
556 1764 651 1831 pinnas

16 1876 21 1885 .
63 1833 225 1901 cespitibus,
237 1833 374 1901 crudaque
385 1834 521 1885 exstruxit
529 1831 644 1886 brachiu
654 1842 736 1886 terra.

114 1905 170 1954 lum
183 1903 250 1955 satis
267 1899 319 1954 huc
336 1902 436 1954 Graiae
457 1903 661 2023 memeragrdum
682 1901 799 1970 contigit

541 1987 574 2022 ur
592 1988 611 2034 1,

64 2045 261 2108 ¹teternumque
274 2040 366 2102 decus,
378 2041 450 2108 quod
460 2055 514 2092 non
524 2041 648 2108 impulsu,
659 2055 710 2091 nec
719 2040 780 2107 ipsu

63 2112 156 2161 Strata
166 2114 249 2169 metu,
260 2109 347 2159 tenuit
358 2107 498 2176 flagrantis
507 2109 535 2159 in
546 2110 637 2160 omnia
645 2109 709 2159 belli
807 2107 858 2159 39⁰

64 2178 245 2242 Praecipitem
257 2191 378 2226 cursum:
390 2178 528 2242 raptisque
539 2178 677 2227 accesere
683 2178 798 2238 cunctis,

65 2247 188 2299 Vincitur
198 2258 253 2294 una
262 2257 347 2294 mora.
377 2243 513 2304 Quantum
525 2250 582 2304 est,
597 2244 670 2313 quod
685 2243 745 2294 iata
758 2250 799 2295 tc

543 2316 649 2373 nentur,

64 2383 198 2450 Quodque
208 2382 295 2431 virum
307 2379 358 2430 toti
368 2392 518 2446 properans
529 2379 670 2445 imponere
680 2378 781 2431 mundo

65 2453 122 2502 ties
134 2450 223 2516 perdit
232 2449 357 2500 Fortuna
366 2446 437 2499 dies!
449 2448 528 2498 Tunc
538 2447 631 2499 omnia
639 2446 696 2499 lats

65 2519 250 2570 Procumbunt
260 2531 382 2579 nemora,
389 2523 418 2568 et
426 2515 579 2584 spoliantem
587 2514 690 2567 rebare
700 2515 799 2567 ἅνω
810 2514 861 2568 395

65 2591 108 2650 Ut,
121 2604 182 2638 cum
192 2594 267 2638 terra
275 2586 342 2637 levis
352 2585 468 2637 mediam
480 2585 556 2640 vireu
802 2588 817 2631 ,“

64 2656 244 2723 Suspendant,
256 2661 362 2706 cuneta
371 2654 487 2707 laterum
497 2669 520 2707 et

62 2727 156 2775 Arctet
167 2723 287 2784 humum,
299 2738 408 2790 pressus
417 2738 453 2775 ne
463 2722 545 2775 reda·
555 2751 568 2777 ι
