1980 3074
227 167 260 216 82
400 167 438 216 Μ.
475 166 576 216 ΑΝΝ.
613 168 789 222 Lucam

281 285 393 351 Detegit
404 295 466 335 crta
477 286 534 334 dies
546 292 649 335 stantes
660 287 687 334 in
700 285 810 351 rupibus
824 288 917 348 istros,

167 353 218 403 530
228 354 424 421 Pugnacesque
434 354 504 403 mari
514 353 598 404 Graia
610 368 671 404 cnm
682 354 768 404 classe
779 353 922 405 Liburnos.

229 423 384 473 Tentavere
394 424 469 489 prius
480 436 611 488 suspenso
622 423 730 473 vincere
740 422 812 472 bello

228 491 406 553 Foederibns,
418 491 498 541 ficret
508 491 595 556 captis
606 492 629 540 si
639 489 744 540 dulcior
755 492 815 556 ipsa

227 560 327 610 Mortis
336 560 393 610 rita
403 574 490 609 mora.
509 557 607 610 Stabat
617 559 716 609 devota
725 560 859 621 iuventus,

227 627 366 679 Damnata
374 630 428 678 iam
438 627 498 677 luce
509 626 596 689 ferox,
607 642 757 694 securaque
767 642 873 696 pugnae

167 695 218 746 535
229 697 369 747 Promisso
380 697 431 747 sibi
442 696 494 746 fine
507 710 600 745 manus
611 695 728 762 nullique
738 697 869 746 tumultus

228 766 382 816 Excussere
392 766 458 815 viris
468 770 574 814 mentes
586 764 620 813 ad
631 779 736 815 summa
745 770 868 831 paratos:

227 834 438 900 innumerasque
450 831 528 883 simrd
539 833 619 899 pauci
630 838 757 899 terraque
768 834 889 900 marique

229 899 387 952 Sustinuere
397 916 506 951 manus:
522 907 600 952 tanta
609 907 652 951 est
662 901 761 951 fiducia
773 903 876 952 mortis.

229 971 317 1036 thue
329 971 395 1020 satis
406 970 477 1019 bello
488 970 573 1019 visum
586 975 628 1020 est
638 968 748 1020 fluxisse
760 972 873 1032 cruoris,

168 1039 219 1087 540
231 1038 334 1089 Versus
345 1039 379 1088 ab
391 1036 470 1088 hoste
480 1036 570 1087 furor:
582 1038 684 1103 primus
694 1038 750 1089 dux
759 1039 817 1105 ipse
829 1041 938 1090 casinae

228 1107 352 1158 Volteius
361 1106 454 1174 iugulo
465 1121 580 1173 poscens
590 1107 645 1156 iam
655 1105 714 1157 fata
724 1112 840 1168 retecto,

227 1174 339 1242 Ecquis,
353 1176 403 1226 ait:
414 1175 539 1228 iuvenum
551 1184 598 1236 est,
610 1175 686 1226 cuius
696 1176 733 1227 ss't
745 1176 841 1227 dextra
853 1192 948 1228 cruore

227 1242 323 1312 Digna
334 1261 399 1306 mec,
410 1243 597 1312 certaquefide
625 1261 654 1294 er
664 1246 775 1296 vulnera
786 1255 878 1296 nostra

231 1311 357 1365 Testetur
368 1329 395 1365 se
407 1315 471 1365 velie
482 1312 569 1364 mori?
611 1327 644 1363 ec
655 1312 734 1380 plura
742 1312 836 1364 locuto

167 1381 217 1431 545
229 1382 345 1433 Viscera
356 1397 410 1433 nnn
421 1398 490 1433 nnus
499 1381 655 1432 iamdudum
665 1382 752 1433 transi
772 1383 792 1433 't
802 1383 882 1434 ensis.

227 1450 370 1503 Collaudat
380 1457 507 1502 cunctos:
523 1451 571 1502 sed
583 1465 654 1512 cum,
669 1452 712 1501 cui
786 1465 834 1501 cra
844 1451 933 1518 prima

226 1519 361 1582 Debebst,
372 1526 451 1588 grato
461 1520 580 1570 moriens
590 1519 720 1570 interficit
730 1521 795 1571 ictu.

228 1590 399 1639 concurrunt
409 1588 462 1650 alii,
473 1593 614 1654 totumque
623 1589 652 1637 in
662 1588 785 1654 pasfibus
795 1590 855 1639 unis

226 1656 363 1708 Bellorum
375 1655 466 1707 fecere
477 1654 563 1707 nefas.
593 1654 638 1707 Sic
649 1657 751 1707 senune
761 1657 856 1708 cadmi
936 1676 953 1696 =·

165 1724 217 1774 550
228 1726 347 1776 Emicuit
356 1724 475 1776 Dircaea
486 1722 594 1786 cohors,
607 1725 760 1792 ceciditque
769 1740 879 1776 suorum

226 1793 398 1854 Vulneribus,
409 1792 496 1843 dirum
508 1791 648 1844 Thebanis
658 1792 788 1845 fratribus
799 1809 893 1857 omen3

226 1860 359 1912 Phasidos
372 1868 400 1911 et
411 1862 513 1927 campis
521 1863 638 1912 insomni
648 1862 729 1913 dente
741 1865 827 1914 creati

226 1931 402 1998 Terrigenae,
414 1931 497 1980 missa
506 1932 619 1997 magicis
631 1945 646 1980 e
659 1931 783 1982 cantibus
792 1933 842 1992 ira,

226 2000 349 2066 Cognato
361 2005 453 2049 tantos
464 1999 634 2064 complerunt
645 2001 775 2067 sanguine
787 1999 892 2052 sulcos:

165 2066 215 2117 555
227 2069 351 2134 ipsaque,
361 2068 510 2133 inexpertis
520 2067 592 2134 quod
604 2069 720 2133 primum
730 2067 836 2119 iecerat
845 2067 947 2132 herbis,

224 2137 343 2202 Expavit
351 2135 451 2188 Medea
461 2135 547 2188 nefas.
566 2134 612 2186 Sic
621 2142 715 2186 mutua
725 2139 798 2203 pacti

224 2206 295 2255 Fata
301 2205 402 2256 cadunt
408 2207 533 2257 iuvenes:
543 2205 707 2271 nimiumque
715 2206 742 2254 in
749 2212 838 2256 morte
844 2206 962 2258 rlrorum

223 2275 300 2324 Mors
325 2276 432 2325 n'rtun's
457 2273 552 2326 habet:
584 2275 686 2342 pariter
712 2279 890 2342 sternuntque
919 2290 963 2326 ca·

695 2343 762 2394 dunt
780 2358 815 2394 ue

223 2412 342 2464 Vulnere
351 2412 438 2465 letali:
454 2427 504 2462 nec
515 2426 677 2478 quemquam
688 2359 785 2462 dextr}
795 2410 902 2475 fefellit,

161 2478 212 2530 550
224 2482 290 2531 Cum
301 2480 383 2533 serint
392 2481 525 2532 moriente
534 2495 623 2530 manu.
646 2478 704 2531 Nec
714 2480 810 2531 vulnus
822 2481 929 2532 adactis

221 2548 346 2600 Debetur
356 2549 466 2618 gladiis:
483 2562 641 2615 percussum
654 2557 696 2599 est
707 2557 820 2615 pectore
831 2548 946 2613 ferrum,

222 2618 258 2670 Et
268 2619 295 2668 iu
345 2620 351 2632 '
375 2632 500 2684 pressere
511 2632 627 2668 uranum,
649 2619 716 2668 Cum
726 2623 802 2669 sorte
813 2625 937 2669 cruenta-

221 2686 263 2737 rc
303 2687 362 2738 rbus
372 2685 911 2754 incurrantiratres,natusqneparenti;
