1980 3074
186 202 473 256 Prinassum.
509 205 600 255 ΜΒ.
619 206 670 255 lV.
761 205 794 256 83

60 325 141 375 Haud
152 323 305 389 trepidante
317 328 408 374 tamen
419 328 480 374 toto
490 339 551 374 curn
563 323 683 389 pondere
699 322 796 373 dextra

60 396 185 460 Exegere
196 407 282 442 enses.
312 392 404 442 Pietas
415 391 574 442 ferientibus
585 407 646 452 una,
805 391 855 441 565

61 461 120 511 Non
133 461 274 526 repetisse,
284 459 344 510 fuit.
373 461 429 509 lam
440 461 502 510 latis
511 461 618 510 viscera
628 461 705 526 lapsa

61 530 239 580 Semianimes
249 533 359 578 traxere
369 527 445 591 ioris,
455 528 622 596 multumque
633 531 736 578 cruoris

62 597 189 648 infudere
199 597 276 646 mari.
295 596 460 662 Despectam
471 611 582 648 cernere
593 597 690 658 lucem,

62 667 243 732 Victoresque
254 679 318 715 suos
330 664 405 714 vultu
415 671 539 732 spectare
549 665 676 731 superbo,

61 735 99 786 Et
108 739 224 784 mortem
235 734 336 784 sentire
345 734 428 783 iuvat.
458 735 514 783 lam
526 740 617 802 strage
629 743 742 784 cruenta
806 735 855 783 oto

62 803 234 870 Conspicitur
244 801 381 853 cumulata
391 803 471 852 ratis:
488 802 628 869 bustisque
639 805 780 853 remittunt

62 875 187 938 Corpora
196 873 324 932 victores,
335 870 449 921 ducibus
459 870 627 933 mirantibus,
639 871 684 920 ulli

62 943 130 992 Esse
140 939 237 990 ducem
248 940 326 991 tanti.
345 938 451 990 Nullam
463 940 567 989 maiore
578 939 671 989 locuta
682 946 724 990 est

62 1011 117 1060 Ore
129 1015 216 1059 ratem
227 1014 316 1059 totum
327 1009 482 1059 discurrens
492 1007 567 1058 fama
578 1023 626 1074 per
637 1007 739 1059 orbem.

61 1077 123 1130 Non
133 1084 224 1128 tamen
234 1079 350 1145 ignavae
362 1083 425 1142 post
435 1075 504 1127 haec
515 1076 639 1143 exempla
649 1078 767 1128 virorum
810 1079 859 1126 sto

61 1147 219 1213 Percipient
227 1152 333 1212 gentes,
345 1159 426 1213 quam
437 1145 473 1195 sit
484 1160 538 1196 non
548 1146 633 1196 ardua
644 1146 730 1196 virtus

62 1213 208 1266 Servitium
218 1213 321 1282 fugisse
332 1229 422 1264 manu.
452 1211 506 1264 Sed
517 1228 602 1281 regna
611 1215 741 1264 timentur

62 1285 104 1335 Ob
117 1283 228 1346 serrum,
242 1288 270 1333 et
280 1283 369 1333 saeris
379 1281 492 1332 libertas
502 1284 589 1333 uritur
600 1285 697 1333 amris:

62 1355 227 1420 Ignoratque
238 1351 327 1411 datos,
338 1366 372 1400 ne
384 1351 524 1418 quisquam
534 1352 643 1414 serviat,
655 1367 741 1403 enses.

62 1423 149 1481 Mors,
161 1421 265 1469 utinam
277 1419 390 1484 panidos
401 1420 473 1469 vitae
484 1419 634 1472 subducere
644 1421 740 1483 nolles,
811 1423 860 1472 580

64 1487 119 1539 Sed
130 1490 216 1538 virtus
227 1493 254 1538 te
266 1487 326 1538 sola
336 1485 427 1537 daret!

435 1555 496 1607 Non
508 1560 616 1625 segnior
626 1560 671 1611 illo

63 1627 155 1677 Marte
166 1623 227 1686 tuit,
240 1627 286 1692 qui
298 1631 362 1675 tunc
374 1625 490 1691 Libycis
500 1628 602 1678 exarsit
611 1630 639 1678 in
651 1631 731 1682 arvis.

64 1694 187 1761 silentque
198 1700 271 1747 rates
282 1694 371 1744 audax
381 1694 516 1760 Lilybaeo
527 1695 607 1748 litore
616 1701 698 1749 scirit

64 1765 160 1814 Curio:
176 1778 226 1814 nec
237 1763 302 1814 forti
314 1763 381 1815 velis
392 1764 524 1831 Aquilone
534 1772 645 1832 recepto

63 1834 138 1883 inter
147 1833 292 1884 semirutas
304 1848 420 1901 magnae
431 1831 603 1901 Carthaginis
615 1851 703 1897 arces,
810 1837 859 1885 585

63 1902 99 1952 Et
109 1901 248 1969 Clupeam,
259 1904 348 1953 tenuit
357 1903 484 1954 stationis
495 1903 578 1954 litora
590 1911 686 1956 notae:

61 1971 207 2037 Primaque
214 1971 385 2023 castralocat
395 1986 465 2023 euno
476 1972 708 2040 proculaequore,
716 1989 770 2040 qua
779 1988 807 2023 se

62 2039 191 2104 Bagrada
200 2039 289 2091 lentus
300 2041 365 2109 agit,
378 2042 469 2092 siccae
479 2041 600 2092 sulcator
612 2057 718 2093 arenae.

63 2106 129 2157 lnde
141 2109 209 2171 petit
221 2108 347 2170 tumulos,
359 2123 509 2177 exesasque
520 2110 638 2177 undique
649 2126 739 2177 rupes,

63 2176 160 2224 Antaei
169 2190 239 2240 quae
250 2192 335 2243 regna
345 2183 427 2228 vocat
438 2192 492 2228 non
502 2192 572 2230 vana
582 2186 712 2230 vetustas.
810 2181 858 2229 590

63 2242 187 2294 Nominis
198 2245 302 2310 antiqui
313 2246 465 2310 cupientem
475 2262 591 2298 noscere
603 2262 722 2308 caussas,

65 2313 183 2379 Cognita
194 2328 243 2378 per
248 2313 352 2365 multos
362 2314 455 2367 docuit
465 2315 541 2367 rudis
548 2316 640 2367 incola
650 2323 750 2381 patres.

64 2380 192 2435 Nondum
202 2391 265 2448 post
273 2381 380 2448 genitor
393 2382 481 2448 Tellus
492 2382 577 2452 effeta
585 2385 723 2453 gigantes,

67 2450 223 2503 Terribilem
234 2450 342 2519 Lttpcts
349 2462 459 2519 portum
469 2451 591 2518 concepit
599 2453 627 2504 in
638 2454 735 2505 antris.

64 2519 119 2571 Nec
130 2530 188 2570 tam
199 2519 270 2573 irrata
276 2520 340 2590 suit
351 2529 487 2574 tetrarum
496 2523 590 2590 gloria
604 2520 723 2590 Typhon,
808 2521 857 2571 595

66 2589 118 2638 ,dut
134 2587 230 2657 Tityus
237 2587 422 2656 Briareusque
423 2591 523 2662 ferox:
535 2594 658 2657 coeloque
666 2589 798 2658 pepercit,

66 2657 144 2719 Quod
153 2674 204 2711 aaa
216 2657 377 2726 Pdlegroet't
388 2660 523 2722 Antaeum
534 2661 645 2711 trastulit
656 2661 738 2711 arcia.

67 2725 124 2774 Hoc
135 2741 237 2792 quoque
248 2736 303 2778 tom
313 2737 405 2780 enatae
416 2727 563 2783 contulerit
574 2744 682 2782 munere
693 2729 762 2780 ciret
